day;timestamp;product;bid_price_1;bid_volume_1;bid_price_2;bid_volume_2;bid_price_3;bid_volume_3;ask_price_1;ask_volume_1;ask_price_2;ask_volume_2;ask_price_3;ask_volume_3;mid_price;profit_and_loss
0;100;AMETHYSTS;10002;1;10000;2;9998;13;10004;1;10005;44;;;10003.0;0.0
0;100;STARFRUIT;5042;1;5039;2;5037;1;5043;45;;;;;5042.5;0.0
0;200;AMETHYSTS;9996;1;9995;21;;;10004;1;10005;21;;;10000.0;2.0
0;200;STARFRUIT;5037;1;5036;21;;;5043;1;5044;21;;;5040.0;2.01611328125
0;300;STARFRUIT;5042;1;5037;26;;;5044;26;;;;;5043.0;1.52978515625
0;300;AMETHYSTS;9995;26;;;;;10005;26;;;;;10000.0;2.0
0;400;AMETHYSTS;9998;8;9996;2;9995;26;10004;2;10005;26;;;10001.0;6.0
0;400;STARFRUIT;5037;28;;;;;5044;28;;;;;5040.5;5.671875
0;500;AMETHYSTS;9998;8;9996;1;9995;23;10004;1;10005;23;;;10001.0;6.0
0;500;STARFRUIT;5037;24;;;;;5042;3;5044;24;;;5039.5;4.955078125
0;600;AMETHYSTS;9996;2;9995;28;;;10004;2;10005;28;;;10000.0;6.0
0;600;STARFRUIT;5041;5;5037;30;;;5044;30;;;;;5042.5;5.5546875
0;700;STARFRUIT;5036;22;;;;;5043;23;;;;;5039.5;13.03125
0;700;AMETHYSTS;9996;1;9995;22;;;10004;1;10005;22;;;10000.0;6.0
0;800;AMETHYSTS;9996;1;9995;24;;;10000;3;10004;1;10005;24;9998.0;6.0
0;800;STARFRUIT;5036;25;;;;;5039;3;5043;25;;;5037.5;50.76953125
0;900;AMETHYSTS;9996;1;9995;20;;;9998;11;10004;1;10005;20;9997.0;6.0
0;900;STARFRUIT;5036;21;;;;;5043;21;;;;;5039.5;51.125
0;1000;AMETHYSTS;9996;1;9995;30;;;10004;1;10005;30;;;10000.0;28.0
0;1000;STARFRUIT;5037;1;5036;30;;;5043;31;;;;;5040.0;55.44921875
0;1100;STARFRUIT;5037;22;;;;;5043;1;5044;21;;;5040.0;57.8515625
0;1100;AMETHYSTS;9996;1;9995;21;;;10002;6;10004;1;10005;21;9999.0;28.0
0;1200;AMETHYSTS;9996;1;9995;22;;;10004;1;10005;22;;;10000.0;28.0
0;1200;STARFRUIT;5036;23;;;;;5037;1;5043;23;;;5036.5;54.5390625
0;1300;AMETHYSTS;10002;1;9995;25;;;10005;25;;;;;10003.5;28.0
0;1300;STARFRUIT;5036;25;;;;;5043;25;;;;;5039.5;53.53125
0;1400;AMETHYSTS;9995;23;;;;;10000;6;10005;23;;;9997.5;30.0
0;1400;STARFRUIT;5036;23;;;;;5039;6;5043;23;;;5037.5;54.0
0;1500;STARFRUIT;5041;1;5036;21;;;5043;21;;;;;5042.0;55.109375
0;1500;AMETHYSTS;9996;1;9995;20;;;9998;4;10004;1;10005;20;9997.0;30.0
0;1600;AMETHYSTS;9996;2;9995;28;;;10004;2;10005;28;;;10000.0;38.0
0;1600;STARFRUIT;5037;30;;;;;5043;2;5044;28;;;5040.0;62.09375
0;1700;AMETHYSTS;9995;28;;;;;10005;28;;;;;10000.0;38.0
0;1700;STARFRUIT;5036;28;;;;;5041;8;5043;28;;;5038.5;59.8046875
0;1800;AMETHYSTS;10000;4;9995;23;;;10002;10;10005;23;;;10001.0;38.0
0;1800;STARFRUIT;5040;4;5036;23;;;5044;23;;;;;5042.0;61.01953125
0;1900;STARFRUIT;5036;31;;;;;5043;32;;;;;5039.5;58.8828125
0;1900;AMETHYSTS;9996;2;9995;30;;;10004;2;10005;30;;;10000.0;38.0
0;2000;AMETHYSTS;9996;2;9995;21;;;10004;2;10005;21;;;10000.0;38.0
0;2000;STARFRUIT;5036;23;;;;;5043;23;;;;;5039.5;59.0703125
0;2100;AMETHYSTS;9996;2;9995;26;;;10004;2;10005;26;;;10000.0;38.0
0;2100;STARFRUIT;5036;28;;;;;5041;5;5043;28;;;5038.5;59.2158203125
0;2200;AMETHYSTS;9996;1;9995;20;;;9998;4;10004;1;10005;20;9997.0;38.0
0;2200;STARFRUIT;5037;4;5036;21;;;5043;21;;;;;5040.0;58.9638671875
0;2300;STARFRUIT;5038;5;5037;24;;;5043;2;5044;22;;;5040.5;61.38671875
0;2300;AMETHYSTS;9996;2;9995;22;;;10004;2;10005;22;;;10000.0;46.0
0;2400;AMETHYSTS;9996;2;9995;20;;;10004;2;10005;20;;;10000.0;46.0
0;2400;STARFRUIT;5037;22;;;;;5043;2;5044;20;;;5040.0;61.369140625
0;2500;AMETHYSTS;9998;3;9996;2;9995;21;10004;2;10005;21;;;10001.0;46.0
0;2500;STARFRUIT;5036;23;;;;;5043;23;;;;;5039.5;59.376953125
0;2600;AMETHYSTS;10002;1;9996;1;9995;29;10004;1;10005;29;;;10003.0;46.0
0;2600;STARFRUIT;5035;30;;;;;5042;30;;;;;5038.5;55.8984375
0;2700;STARFRUIT;5036;7;5035;23;;;5041;2;5042;21;;;5038.5;55.37890625
0;2700;AMETHYSTS;9998;7;9996;2;9995;21;10004;2;10005;21;;;10001.0;48.0
0;2800;AMETHYSTS;9995;27;;;;;10005;27;;;;;10000.0;48.0
0;2800;STARFRUIT;5035;27;;;;;5042;27;;;;;5038.5;56.74609375
0;2900;AMETHYSTS;9996;2;9995;20;;;10004;2;10005;20;;;10000.0;48.0
0;2900;STARFRUIT;5035;22;;;;;5042;22;;;;;5038.5;56.3740234375
0;3000;AMETHYSTS;9996;1;9995;29;;;10004;1;10005;29;;;10000.0;48.0
0;3000;STARFRUIT;5040;1;5035;6;5034;29;5041;30;;;;;5040.5;54.357421875
0;3100;STARFRUIT;5035;1;5034;27;;;5041;28;;;;;5038.0;56.7333984375
0;3100;AMETHYSTS;9998;5;9996;1;9995;27;10004;1;10005;27;;;10001.0;48.0
0;3200;STARFRUIT;5035;24;;;;;5038;5;5042;24;;;5036.5;57.392578125
0;3200;AMETHYSTS;10002;2;9995;24;;;10005;24;;;;;10003.5;48.0
0;3300;AMETHYSTS;10002;1;9996;1;9995;24;10004;1;10005;24;;;10003.0;52.0
0;3300;STARFRUIT;5034;25;;;;;5041;25;;;;;5037.5;56.259765625
0;3400;STARFRUIT;5034;29;;;;;5041;29;;;;;5037.5;56.1982421875
0;3400;AMETHYSTS;9998;10;9996;2;9995;27;10004;2;10005;27;;;10001.0;54.0
0;3500;STARFRUIT;5034;26;;;;;5041;26;;;;;5037.5;56.296875
0;3500;AMETHYSTS;9995;26;;;;;10002;10;10005;26;;;9998.5;54.0
0;3600;STARFRUIT;5034;27;;;;;5041;27;;;;;5037.5;55.9609375
0;3600;AMETHYSTS;9995;27;;;;;10002;8;10005;27;;;9998.5;54.0
0;3700;AMETHYSTS;9998;3;9995;25;;;10005;25;;;;;10001.5;54.0
0;3700;STARFRUIT;5034;25;;;;;5041;25;;;;;5037.5;56.6796875
0;3800;STARFRUIT;5034;24;;;;;5039;7;5041;24;;;5036.5;56.42578125
0;3800;AMETHYSTS;9995;24;;;;;10005;24;;;;;10000.0;54.0
0;3900;STARFRUIT;5035;1;5034;26;;;5040;2;5041;24;;;5037.5;55.3095703125
0;3900;AMETHYSTS;9996;2;9995;24;;;10004;2;10005;24;;;10000.0;54.0
0;4000;STARFRUIT;5034;30;;;;;5041;31;;;;;5037.5;55.8017578125
0;4000;AMETHYSTS;10002;1;9996;1;9995;30;10004;1;10005;30;;;10003.0;54.0
0;4100;AMETHYSTS;10000;5;9996;2;9995;22;10002;4;10004;2;10005;22;10001.0;56.0
0;4100;STARFRUIT;5037;5;5035;2;5034;22;5041;24;;;;;5039.0;56.943359375
0;4200;STARFRUIT;5034;29;;;;;5039;7;5041;29;;;5036.5;53.880859375
0;4200;AMETHYSTS;10002;5;9996;1;9995;28;10004;1;10005;28;;;10003.0;56.0
0;4300;STARFRUIT;5034;26;;;;;5036;2;5041;26;;;5035.0;52.09765625
0;4300;AMETHYSTS;9995;26;;;;;10002;8;10005;26;;;9998.5;66.0
0;4400;STARFRUIT;5035;28;;;;;5042;28;;;;;5038.5;55.72509765625
0;4400;AMETHYSTS;9995;28;;;;;10005;28;;;;;10000.0;66.0
0;4500;AMETHYSTS;9995;26;;;;;10005;26;;;;;10000.0;66.0
0;4500;STARFRUIT;5035;26;;;;;5040;8;5042;26;;;5037.5;55.712890625
0;4600;STARFRUIT;5035;21;;;;;5040;3;5042;21;;;5037.5;55.8232421875
0;4600;AMETHYSTS;9995;21;;;;;10005;21;;;;;10000.0;66.0
0;4700;STARFRUIT;5034;26;;;;;5041;26;;;;;5037.5;56.609375
0;4700;AMETHYSTS;9998;5;9995;26;;;10005;26;;;;;10001.5;66.0
0;4800;STARFRUIT;5039;1;5035;7;5034;23;5041;23;;;;;5040.0;56.5654296875
0;4800;AMETHYSTS;9996;1;9995;22;;;10004;1;10005;22;;;10000.0;66.0
0;4900;AMETHYSTS;9996;2;9995;22;;;10004;2;10005;22;;;10000.0;66.0
0;4900;STARFRUIT;5033;24;;;;;5038;6;5040;24;;;5035.5;59.708984375
0;5000;STARFRUIT;5033;6;5032;30;;;5039;31;;;;;5036.0;61.21484375
0;5000;AMETHYSTS;9998;9;9996;1;9995;30;10004;1;10005;30;;;10001.0;66.0
0;5100;STARFRUIT;5032;26;;;;;5039;26;;;;;5035.5;61.306640625
0;5100;AMETHYSTS;9995;26;;;;;10005;26;;;;;10000.0;66.0
0;5200;STARFRUIT;5035;5;5033;8;5032;23;5039;25;;;;;5037.0;61.3544921875
0;5200;AMETHYSTS;10000;5;9998;7;9996;2;10004;2;10005;23;;;10002.0;66.0
0;5300;AMETHYSTS;9995;22;;;;;9998;12;10005;22;;;9996.5;66.0
0;5300;STARFRUIT;5032;22;;;;;5039;22;;;;;5035.5;61.958984375
0;5400;STARFRUIT;5032;30;;;;;5039;30;;;;;5035.5;86.23828125
0;5400;AMETHYSTS;9995;30;;;;;10005;30;;;;;10000.0;90.0
0;5500;AMETHYSTS;9996;1;9995;28;;;10004;1;10005;28;;;10000.0;90.0
0;5500;STARFRUIT;5032;29;;;;;5033;8;5039;29;;;5032.5;85.9921875
0;5600;AMETHYSTS;9998;2;9996;2;9995;23;10004;2;10005;23;;;10001.0;93.0
0;5600;STARFRUIT;5032;25;;;;;5038;2;5039;23;;;5035.0;100.8984375
0;5700;AMETHYSTS;9996;1;9995;30;;;10004;1;10005;30;;;10000.0;99.0
0;5700;STARFRUIT;5032;3;5031;31;;;5038;31;;;;;5035.0;92.859375
0;5800;STARFRUIT;5031;30;;;;;5038;30;;;;;5034.5;95.0625
0;5800;AMETHYSTS;9996;2;9995;28;;;10004;2;10005;28;;;10000.0;99.0
0;5900;AMETHYSTS;9996;2;9995;21;;;10004;2;10005;21;;;10000.0;99.0
0;5900;STARFRUIT;5031;23;;;;;5038;23;;;;;5034.5;96.6953125
0;6000;AMETHYSTS;9995;30;;;;;10002;10;10005;30;;;9998.5;99.0
0;6000;STARFRUIT;5031;30;;;;;5038;30;;;;;5034.5;95.25
0;6100;AMETHYSTS;9996;1;9995;24;;;10004;1;10005;24;;;10000.0;99.0
0;6100;STARFRUIT;5031;25;;;;;5037;1;5038;24;;;5034.0;87.1484375
0;6200;STARFRUIT;5036;1;5031;30;;;5038;30;;;;;5037.0;89.4609375
0;6200;AMETHYSTS;9998;3;9996;1;9995;29;10004;1;10005;29;;;10001.0;99.0
0;6300;AMETHYSTS;9995;22;;;;;10005;22;;;;;10000.0;99.0
0;6300;STARFRUIT;5030;22;;;;;5037;22;;;;;5033.5;83.1640625
0;6400;AMETHYSTS;9996;1;9995;23;;;10002;6;10004;1;10005;23;9999.0;99.0
0;6400;STARFRUIT;5030;24;;;;;5036;1;5037;23;;;5033.0;76.91015625
0;6500;AMETHYSTS;9995;22;;;;;10005;22;;;;;10000.0;99.0
0;6500;STARFRUIT;5029;22;;;;;5036;22;;;;;5032.5;104.91796875
0;6600;STARFRUIT;5030;29;;;;;5031;7;5036;2;5037;27;5030.5;105.5068359375
0;6600;AMETHYSTS;9996;2;9995;27;;;10004;2;10005;27;;;10000.0;99.0
0;6700;AMETHYSTS;9996;1;9995;30;;;10004;1;10005;30;;;10000.0;99.0
0;6700;STARFRUIT;5030;1;5029;30;;;5034;7;5036;31;;;5032.0;117.98046875
0;6800;AMETHYSTS;10000;5;9996;2;9995;29;10004;2;10005;29;;;10002.0;99.0
0;6800;STARFRUIT;5033;4;5030;31;;;5037;31;;;;;5035.0;122.1484375
0;6900;AMETHYSTS;9996;2;9995;27;;;10004;2;10005;27;;;10000.0;102.0
0;6900;STARFRUIT;5030;29;;;;;5035;3;5037;29;;;5032.5;123.7890625
0;7000;STARFRUIT;5030;8;5029;30;;;5036;31;;;;;5033.0;120.95703125
0;7000;AMETHYSTS;9996;1;9995;30;;;10004;1;10005;30;;;10000.0;102.0
0;7100;AMETHYSTS;9996;1;9995;30;;;9998;5;10002;7;10004;1;9997.0;102.0
0;7100;STARFRUIT;5030;1;5029;30;;;5036;31;;;;;5033.0;121.0234375
0;7200;AMETHYSTS;9996;1;9995;22;;;10002;1;10004;1;10005;22;9999.0;112.0
0;7200;STARFRUIT;5031;6;5030;23;;;5036;1;5037;22;;;5033.5;122.908203125
0;7300;AMETHYSTS;9996;1;9995;25;;;10004;1;10005;25;;;10000.0;112.0
0;7300;STARFRUIT;5030;26;;;;;5036;1;5037;25;;;5033.0;122.21484375
0;7400;STARFRUIT;5030;22;;;;;5037;22;;;;;5033.5;122.955078125
0;7400;AMETHYSTS;10002;1;9995;22;;;10005;22;;;;;10003.5;136.0
0;7500;AMETHYSTS;9995;29;;;;;10005;29;;;;;10000.0;138.0
0;7500;STARFRUIT;5030;29;;;;;5035;3;5037;29;;;5032.5;126.16015625
0;7600;AMETHYSTS;10002;1;9995;27;;;10005;27;;;;;10003.5;138.0
0;7600;STARFRUIT;5031;27;;;;;5038;27;;;;;5034.5;128.40234375
0;7700;STARFRUIT;5030;26;;;;;5037;26;;;;;5033.5;125.59765625
0;7700;AMETHYSTS;9996;1;9995;25;;;10002;5;10004;1;10005;25;9999.0;140.0
0;7800;AMETHYSTS;9995;23;;;;;10005;23;;;;;10000.0;140.0
0;7800;STARFRUIT;5031;1;5030;23;;;5037;23;;;;;5034.0;125.7265625
0;7900;AMETHYSTS;9996;2;9995;22;;;10002;7;10004;2;10005;22;9999.0;140.0
0;7900;STARFRUIT;5030;24;;;;;5037;24;;;;;5033.5;124.234375
0;8000;AMETHYSTS;10000;3;9996;2;9995;28;10004;2;10005;28;;;10002.0;140.0
0;8000;STARFRUIT;5036;1;5033;3;5031;2;5037;30;;;;;5036.5;126.578125
0;8100;STARFRUIT;5030;25;;;;;5037;25;;;;;5033.5;125.923828125
0;8100;AMETHYSTS;9995;25;;;;;10005;25;;;;;10000.0;140.0
0;8200;AMETHYSTS;9996;2;9995;25;;;10004;2;10005;25;;;10000.0;140.0
0;8200;STARFRUIT;5030;27;;;;;5037;27;;;;;5033.5;125.7314453125
0;8300;AMETHYSTS;9998;9;9995;28;;;10005;28;;;;;10001.5;140.0
0;8300;STARFRUIT;5030;28;;;;;5037;28;;;;;5033.5;125.86865234375
0;8400;AMETHYSTS;9998;5;9995;29;;;10005;29;;;;;10001.5;140.0
0;8400;STARFRUIT;5031;29;;;;;5038;29;;;;;5034.5;129.4111328125
0;8500;STARFRUIT;5032;8;5031;27;;;5037;2;5038;25;;;5034.5;129.2255859375
0;8500;AMETHYSTS;9996;2;9995;25;;;10004;2;10005;25;;;10000.0;140.0
0;8600;AMETHYSTS;9996;2;9995;27;;;10004;2;10005;27;;;10000.0;140.0
0;8600;STARFRUIT;5031;29;;;;;5037;2;5038;27;;;5034.0;129.0576171875
0;8700;AMETHYSTS;9996;2;9995;22;;;10004;2;10005;22;;;10000.0;140.0
0;8700;STARFRUIT;5035;1;5031;8;5030;24;5037;24;;;;;5036.0;127.712890625
0;8800;AMETHYSTS;9996;1;9995;30;;;10004;1;10005;30;;;10000.0;140.0
0;8800;STARFRUIT;5030;31;;;;;5037;31;;;;;5033.5;129.4921875
0;8900;STARFRUIT;5031;2;5030;26;;;5037;26;;;;;5034.0;129.27587890625
0;8900;AMETHYSTS;9995;26;;;;;10005;26;;;;;10000.0;140.0
0;9000;AMETHYSTS;9995;23;;;;;10005;23;;;;;10000.0;140.0
0;9000;STARFRUIT;5030;23;;;;;5037;23;;;;;5033.5;129.1728515625
0;9100;AMETHYSTS;9995;22;;;;;9998;1;10005;22;;;9996.5;140.0
0;9100;STARFRUIT;5030;5;5029;22;;;5036;22;;;;;5033.0;128.8701171875
0;9200;AMETHYSTS;9996;2;9995;25;;;10004;2;10005;25;;;10000.0;142.0
0;9200;STARFRUIT;5030;5;5029;25;;;5036;27;;;;;5033.0;128.9638671875
0;9300;STARFRUIT;5030;1;5029;29;;;5036;30;;;;;5033.0;128.9208984375
0;9300;AMETHYSTS;10002;11;9998;1;9996;1;10004;1;10005;29;;;10003.0;175.0
0;9400;AMETHYSTS;10002;1;9996;2;9995;28;10004;2;10005;28;;;10003.0;197.0
0;9400;STARFRUIT;5031;3;5030;30;;;5036;2;5037;28;;;5033.5;129.2265625
0;9500;AMETHYSTS;10002;1;9996;2;9995;24;10004;2;10005;24;;;10003.0;199.0
0;9500;STARFRUIT;5030;2;5029;24;;;5036;26;;;;;5033.0;128.88232421875
0;9600;AMETHYSTS;9996;1;9995;20;;;10002;6;10004;1;10005;20;9999.0;201.0
0;9600;STARFRUIT;5029;21;;;;;5036;21;;;;;5032.5;128.66943359375
0;9700;STARFRUIT;5029;31;;;;;5032;5;5034;5;5036;31;5030.5;128.568359375
0;9700;AMETHYSTS;9996;1;9995;30;;;10000;4;10004;1;10005;30;9998.0;201.0
0;9800;AMETHYSTS;9998;1;9996;2;9995;24;10004;2;10005;24;;;10001.0;201.0
0;9800;STARFRUIT;5029;26;;;;;5036;26;;;;;5032.5;128.54736328125
0;9900;AMETHYSTS;9995;24;;;;;10005;24;;;;;10000.0;201.0
0;9900;STARFRUIT;5029;24;;;;;5036;24;;;;;5032.5;128.35546875
0;10000;AMETHYSTS;9995;27;;;;;10005;27;;;;;10000.0;201.0
0;10000;STARFRUIT;5029;27;;;;;5036;27;;;;;5032.5;128.36083984375
0;10100;STARFRUIT;5028;21;;;;;5033;5;5035;21;;;5030.5;127.73291015625
0;10100;AMETHYSTS;10002;4;9996;1;9995;20;10004;1;10005;20;;;10003.0;201.0
0;10200;AMETHYSTS;9995;20;;;;;10005;20;;;;;10000.0;209.0
0;10200;STARFRUIT;5028;20;;;;;5035;20;;;;;5031.5;127.75732421875
0;10300;AMETHYSTS;9996;1;9995;24;;;10004;1;10005;24;;;10000.0;209.0
0;10300;STARFRUIT;5030;5;5029;25;;;5035;1;5036;24;;;5032.5;128.06591796875
0;10400;AMETHYSTS;9995;25;;;;;10005;25;;;;;10000.0;209.0
0;10400;STARFRUIT;5029;25;;;;;5036;25;;;;;5032.5;128.12451171875
0;10500;STARFRUIT;5030;8;5029;26;;;5037;26;;;;;5033.5;131.0
0;10500;AMETHYSTS;9995;26;;;;;10005;26;;;;;10000.0;213.0
0;10600;AMETHYSTS;9995;20;;;;;10005;20;;;;;10000.0;213.0
0;10600;STARFRUIT;5034;3;5029;20;;;5036;20;;;;;5035.0;131.0
0;10700;AMETHYSTS;9995;24;;;;;9998;3;10005;24;;;9996.5;213.0
0;10700;STARFRUIT;5030;7;5029;24;;;5036;24;;;;;5033.0;136.9326171875
0;10800;AMETHYSTS;9995;23;;;;;10002;1;10005;23;;;9998.5;219.0
0;10800;STARFRUIT;5030;6;5029;23;;;5036;23;;;;;5033.0;136.791015625
0;10900;STARFRUIT;5029;1;5028;22;;;5031;6;5035;23;;;5030.0;137.19140625
0;10900;AMETHYSTS;9996;1;9995;22;;;10000;6;10004;1;10005;22;9998.0;219.0
0;11000;AMETHYSTS;9996;1;9995;26;;;10004;1;10005;26;;;10000.0;219.0
0;11000;STARFRUIT;5028;27;;;;;5033;2;5035;27;;;5030.5;166.21875
0;11100;AMETHYSTS;9996;1;9995;30;;;10002;1;10004;1;10005;30;9999.0;219.0
0;11100;STARFRUIT;5029;1;5028;31;;;5034;1;5035;30;;;5031.5;164.515625
0;11200;AMETHYSTS;9996;2;9995;28;;;10004;2;10005;28;;;10000.0;219.0
0;11200;STARFRUIT;5028;2;5027;28;;;5032;5;5034;30;;;5030.0;158.984375
0;11300;STARFRUIT;5027;27;;;;;5034;27;;;;;5030.5;155.28125
0;11300;AMETHYSTS;9996;2;9995;25;;;10002;2;10004;2;10005;25;9999.0;219.0
0;11400;AMETHYSTS;9995;30;;;;;10005;30;;;;;10000.0;219.0
0;11400;STARFRUIT;5027;30;;;;;5034;30;;;;;5030.5;152.125
0;11500;AMETHYSTS;9996;1;9995;28;;;10004;1;10005;28;;;10000.0;219.0
0;11500;STARFRUIT;5027;29;;;;;5032;5;5034;29;;;5029.5;157.90625
0;11600;AMETHYSTS;9996;2;9995;22;;;10004;2;10005;22;;;10000.0;219.0
0;11600;STARFRUIT;5027;24;;;;;5032;7;5034;24;;;5029.5;156.015625
0;11700;STARFRUIT;5029;4;5027;2;5026;20;5033;22;;;;;5031.0;145.4296875
0;11700;AMETHYSTS;10000;4;9996;2;9995;20;10004;2;10005;20;;;10002.0;219.0
0;11800;AMETHYSTS;9998;10;9996;1;9995;21;10004;1;10005;21;;;10001.0;219.0
0;11800;STARFRUIT;5026;22;;;;;5033;22;;;;;5029.5;140.71875
0;11900;AMETHYSTS;10002;1;10000;4;9998;1;10004;1;10005;22;;;10003.0;219.0
0;11900;STARFRUIT;5028;4;5026;1;5025;22;5032;23;;;;;5030.0;130.7265625
0;12000;STARFRUIT;5025;28;;;;;5032;28;;;;;5028.5;126.1484375
0;12000;AMETHYSTS;9996;1;9995;27;;;10004;1;10005;27;;;10000.0;221.0
0;12100;STARFRUIT;5026;2;5025;23;;;5032;25;;;;;5029.0;132.0703125
0;12100;AMETHYSTS;9996;2;9995;23;;;9998;8;10004;2;10005;23;9997.0;221.0
0;12200;STARFRUIT;5025;25;;;;;5032;25;;;;;5028.5;130.515625
0;12200;AMETHYSTS;9996;2;9995;23;;;10004;2;10005;23;;;10000.0;237.0
0;12300;AMETHYSTS;9996;1;9995;24;;;10002;3;10004;1;10005;24;9999.0;237.0
0;12300;STARFRUIT;5026;5;5025;24;;;5032;25;;;;;5029.0;132.4453125
0;12400;STARFRUIT;5026;29;;;;;5033;29;;;;;5029.5;136.8203125
0;12400;AMETHYSTS;10002;1;9998;5;9995;29;10005;29;;;;;10003.5;237.0
0;12500;STARFRUIT;5029;3;5026;23;;;5033;23;;;;;5031.0;138.484375
0;12500;AMETHYSTS;10000;3;9996;1;9995;22;10004;1;10005;22;;;10002.0;239.0
0;12600;STARFRUIT;5029;4;5026;26;;;5033;26;;;;;5031.0;138.15234375
0;12600;AMETHYSTS;10000;4;9995;26;;;10005;26;;;;;10002.5;239.0
0;12700;AMETHYSTS;10002;1;9996;1;9995;27;10004;1;10005;27;;;10003.0;239.0
0;12700;STARFRUIT;5027;28;;;;;5034;28;;;;;5030.5;142.83984375
0;12800;STARFRUIT;5030;4;5027;30;;;5034;30;;;;;5032.0;144.25
0;12800;AMETHYSTS;10000;4;9996;2;9995;28;10002;9;10004;2;10005;28;10001.0;241.0
0;12900;STARFRUIT;5027;23;;;;;5032;2;5034;23;;;5029.5;142.3125
0;12900;AMETHYSTS;9996;2;9995;21;;;10002;4;10004;2;10005;21;9999.0;241.0
0;13000;STARFRUIT;5027;32;;;;;5034;32;;;;;5030.5;142.806640625
0;13000;AMETHYSTS;9996;2;9995;30;;;10002;2;10004;2;10005;30;9999.0;241.0
0;13100;AMETHYSTS;9995;21;;;;;10000;2;10005;21;;;9997.5;241.0
0;13100;STARFRUIT;5028;21;;;;;5031;2;5035;21;;;5029.5;144.251953125
0;13200;STARFRUIT;5033;1;5029;7;5028;31;5035;31;;;;;5034.0;144.9111328125
0;13200;AMETHYSTS;9998;9;9996;2;9995;29;10004;2;10005;29;;;10001.0;241.0
0;13300;STARFRUIT;5028;23;;;;;5035;23;;;;;5031.5;147.0419921875
0;13300;AMETHYSTS;10002;2;9996;1;9995;22;10004;1;10005;22;;;10003.0;241.0
0;13400;STARFRUIT;5028;26;;;;;5035;26;;;;;5031.5;147.046875
0;13400;AMETHYSTS;9995;26;;;;;10005;26;;;;;10000.0;245.0
0;13500;AMETHYSTS;9996;1;9995;24;;;10004;1;10005;24;;;10000.0;245.0
0;13500;STARFRUIT;5028;25;;;;;5035;25;;;;;5031.5;146.63671875
0;13600;STARFRUIT;5028;26;;;;;5033;3;5035;26;;;5030.5;147.1552734375
0;13600;AMETHYSTS;9996;2;9995;24;;;10002;6;10004;2;10005;24;9999.0;245.0
0;13700;STARFRUIT;5028;28;;;;;5035;28;;;;;5031.5;147.625
0;13700;AMETHYSTS;10002;1;9995;28;;;10005;28;;;;;10003.5;245.0
0;13800;STARFRUIT;5028;23;;;;;5035;23;;;;;5031.5;147.8720703125
0;13800;AMETHYSTS;9998;1;9995;23;;;10005;23;;;;;10001.5;247.0
0;13900;AMETHYSTS;9996;1;9995;20;;;10004;1;10005;20;;;10000.0;247.0
0;13900;STARFRUIT;5029;21;;;;;5031;3;5036;21;;;5030.0;149.146484375
0;14000;STARFRUIT;5030;3;5029;28;;;5036;29;;;;;5033.0;155.318359375
0;14000;AMETHYSTS;10002;6;9998;1;9996;1;10004;1;10005;28;;;10003.0;247.0
0;14100;STARFRUIT;5029;22;;;;;5036;22;;;;;5032.5;154.52734375
0;14100;AMETHYSTS;9996;2;9995;20;;;10002;4;10004;2;10005;20;9999.0;259.0
0;14200;STARFRUIT;5029;21;;;;;5036;21;;;;;5032.5;156.064453125
0;14200;AMETHYSTS;9995;21;;;;;10005;21;;;;;10000.0;262.0
0;14300;AMETHYSTS;9996;1;9995;21;;;10004;1;10005;21;;;10000.0;262.0
0;14300;STARFRUIT;5029;1;5028;21;;;5035;22;;;;;5032.0;179.5546875
0;14400;STARFRUIT;5029;22;;;;;5036;23;;;;;5032.5;189.578125
0;14400;AMETHYSTS;10002;4;9996;2;9995;21;10004;2;10005;21;;;10003.0;262.0
0;14500;AMETHYSTS;9996;1;9995;28;;;10002;10;10004;1;10005;28;9999.0;270.0
0;14500;STARFRUIT;5029;29;;;;;5034;6;5036;29;;;5031.5;189.3203125
0;14600;AMETHYSTS;9996;1;9995;27;;;10004;1;10005;27;;;10000.0;276.0
0;14600;STARFRUIT;5029;1;5028;27;;;5030;3;5035;1;5036;27;5029.5;180.6953125
0;14700;AMETHYSTS;9996;1;9995;23;;;10004;1;10005;23;;;10000.0;276.0
0;14700;STARFRUIT;5029;24;;;;;5034;2;5035;1;5036;23;5031.5;182.078125
0;14800;STARFRUIT;5029;1;5028;30;;;5033;3;5035;31;;;5031.0;177.84375
0;14800;AMETHYSTS;9996;1;9995;30;;;9998;1;10004;1;10005;30;9997.0;276.0
0;14900;AMETHYSTS;9996;1;9995;25;;;10002;1;10004;1;10005;25;9999.0;278.0
0;14900;STARFRUIT;5032;4;5028;26;;;5035;26;;;;;5033.5;167.0546875
0;15000;AMETHYSTS;9996;2;9995;25;;;10004;2;10005;25;;;10000.0;278.0
0;15000;STARFRUIT;5029;6;5028;25;;;5035;27;;;;;5032.0;180.5390625
0;15100;AMETHYSTS;9996;1;9995;20;;;9998;1;10004;1;10005;20;9997.0;278.0
0;15100;STARFRUIT;5028;21;;;;;5035;21;;;;;5031.5;171.53125
0;15200;STARFRUIT;5031;4;5029;4;5028;23;5035;23;;;;;5033.0;175.03125
0;15200;AMETHYSTS;10000;4;9996;2;9995;21;10002;4;10004;2;10005;21;10001.0;280.0
0;15300;AMETHYSTS;9996;2;9995;22;;;10002;7;10004;2;10005;22;9999.0;280.0
0;15300;STARFRUIT;5028;2;5027;22;;;5033;6;5034;2;5035;22;5030.5;165.03125
0;15400;AMETHYSTS;9995;30;;;;;10005;30;;;;;10000.0;280.0
0;15400;STARFRUIT;5027;30;;;;;5034;30;;;;;5030.5;162.421875
0;15500;AMETHYSTS;9995;25;;;;;9998;11;10005;25;;;9996.5;280.0
0;15500;STARFRUIT;5028;25;;;;;5035;25;;;;;5031.5;165.359375
0;15600;STARFRUIT;5028;23;;;;;5034;1;5035;22;;;5031.0;165.64453125
0;15600;AMETHYSTS;9996;1;9995;22;;;10004;1;10005;22;;;10000.0;302.0
0;15700;AMETHYSTS;9996;2;9995;28;;;10004;2;10005;28;;;10000.0;302.0
0;15700;STARFRUIT;5028;30;;;;;5033;1;5034;2;5035;28;5030.5;166.078125
0;15800;AMETHYSTS;9998;6;9996;2;9995;26;10004;2;10005;26;;;10001.0;302.0
0;15800;STARFRUIT;5029;4;5028;28;;;5035;28;;;;;5032.0;173.71875
0;15900;AMETHYSTS;9996;1;9995;20;;;10002;8;10004;1;10005;20;9999.0;302.0
0;15900;STARFRUIT;5029;1;5028;20;;;5030;3;5035;21;;;5029.5;175.453125
0;16000;STARFRUIT;5029;22;;;;;5034;4;5036;22;;;5031.5;190.26953125
0;16000;AMETHYSTS;9996;2;9995;20;;;10004;2;10005;20;;;10000.0;302.0
0;16100;AMETHYSTS;9996;1;9995;26;;;10004;1;10005;26;;;10000.0;302.0
0;16100;STARFRUIT;5029;27;;;;;5031;2;5034;8;5036;27;5030.0;194.3203125
0;16200;AMETHYSTS;9995;27;;;;;10002;4;10005;27;;;9998.5;302.0
0;16200;STARFRUIT;5029;26;;;;;5036;27;;;;;5032.5;189.953125
0;16300;AMETHYSTS;9996;1;9995;21;;;10004;1;10005;21;;;10000.0;302.0
0;16300;STARFRUIT;5029;22;;;;;5036;22;;;;;5032.5;192.96875
0;16400;AMETHYSTS;9996;2;9995;25;;;10002;6;10004;2;10005;25;9999.0;302.0
0;16400;STARFRUIT;5028;27;;;;;5033;7;5035;27;;;5030.5;185.375
0;16500;AMETHYSTS;9995;22;;;;;10005;22;;;;;10000.0;302.0
0;16500;STARFRUIT;5028;22;;;;;5033;1;5035;22;;;5030.5;174.640625
0;16600;AMETHYSTS;9995;26;;;;;10005;26;;;;;10000.0;302.0
0;16600;STARFRUIT;5029;7;5028;26;;;5035;26;;;;;5032.0;174.859375
0;16700;STARFRUIT;5028;25;;;;;5035;25;;;;;5031.5;178.359375
0;16700;AMETHYSTS;10002;1;9998;2;9995;25;10005;25;;;;;10003.5;302.0
0;16800;AMETHYSTS;10000;2;9996;2;9995;25;10004;2;10005;25;;;10002.0;304.0
0;16800;STARFRUIT;5031;2;5028;27;;;5035;27;;;;;5033.0;179.75
0;16900;AMETHYSTS;9996;2;9995;22;;;10004;2;10005;22;;;10000.0;304.0
0;16900;STARFRUIT;5028;24;;;;;5035;24;;;;;5031.5;178.1640625
0;17000;AMETHYSTS;9996;1;9995;25;;;10004;1;10005;25;;;10000.0;304.0
0;17000;STARFRUIT;5029;1;5028;26;;;5034;1;5035;25;;;5031.5;174.76953125
0;17100;STARFRUIT;5028;1;5027;26;;;5034;27;;;;;5031.0;172.3828125
0;17100;AMETHYSTS;9996;1;9995;26;;;10004;1;10005;26;;;10000.0;304.0
0;17200;AMETHYSTS;9996;1;9995;27;;;10004;1;10005;27;;;10000.0;304.0
0;17200;STARFRUIT;5028;5;5027;28;;;5034;28;;;;;5031.0;164.46484375
0;17300;AMETHYSTS;9996;1;9995;27;;;10004;1;10005;27;;;10000.0;304.0
0;17300;STARFRUIT;5026;28;;;;;5031;6;5032;1;5033;27;5028.5;149.03515625
0;17400;AMETHYSTS;9995;25;;;;;9998;11;10005;25;;;9996.5;304.0
0;17400;STARFRUIT;5030;3;5026;2;5025;25;5032;25;;;;;5031.0;146.58984375
0;17500;STARFRUIT;5026;28;;;;;5033;28;;;;;5029.5;154.3046875
0;17500;AMETHYSTS;9996;2;9995;26;;;10004;2;10005;26;;;10000.0;326.0
0;17600;AMETHYSTS;9996;1;9995;29;;;10004;1;10005;29;;;10000.0;332.0
0;17600;STARFRUIT;5027;3;5026;30;;;5032;1;5033;29;;;5029.5;157.34375
0;17700;AMETHYSTS;9998;2;9995;22;;;10005;22;;;;;10001.5;332.0
0;17700;STARFRUIT;5026;22;;;;;5033;22;;;;;5029.5;188.767578125
0;17800;AMETHYSTS;9996;2;9995;30;;;9998;3;10002;5;10004;2;9997.0;332.0
0;17800;STARFRUIT;5026;32;;;;;5031;5;5033;32;;;5028.5;187.9228515625
0;17900;STARFRUIT;5032;1;5029;2;5026;21;5033;21;;;;;5032.5;188.03125
0;17900;AMETHYSTS;9995;21;;;;;9998;1;10002;3;10005;21;9996.5;338.0
0;18000;AMETHYSTS;9995;24;;;;;10005;24;;;;;10000.0;340.0
0;18000;STARFRUIT;5026;24;;;;;5033;24;;;;;5029.5;191.505859375
0;18100;AMETHYSTS;9996;2;9995;28;;;10004;2;10005;28;;;10000.0;340.0
0;18100;STARFRUIT;5026;30;;;;;5033;30;;;;;5029.5;191.54296875
0;18200;AMETHYSTS;9996;2;9995;23;;;10002;10;10004;2;10005;23;9999.0;340.0
0;18200;STARFRUIT;5027;25;;;;;5033;2;5034;23;;;5030.0;188.900390625
0;18300;STARFRUIT;5027;20;;;;;5034;20;;;;;5030.5;205.919921875
0;18300;AMETHYSTS;9995;20;;;;;10005;20;;;;;10000.0;340.0
0;18400;AMETHYSTS;9996;1;9995;21;;;10004;1;10005;21;;;10000.0;371.0
0;18400;STARFRUIT;5032;1;5027;22;;;5033;1;5034;21;;;5032.5;207.576171875
0;18500;AMETHYSTS;9996;2;9995;21;;;10004;2;10005;21;;;10000.0;371.0
0;18500;STARFRUIT;5027;23;;;;;5029;1;5034;23;;;5028.0;211.357421875
0;18600;AMETHYSTS;9996;1;9995;21;;;10004;1;10005;21;;;10000.0;371.0
0;18600;STARFRUIT;5028;22;;;;;5029;9;5035;22;;;5028.5;217.0234375
0;18700;STARFRUIT;5028;30;;;;;5035;30;;;;;5031.5;243.90625
0;18700;AMETHYSTS;10002;1;9995;30;;;10005;30;;;;;10003.5;371.0
0;18800;AMETHYSTS;9995;24;;;;;10002;7;10005;24;;;9998.5;373.0
0;18800;STARFRUIT;5028;24;;;;;5035;24;;;;;5031.5;239.7421875
0;18900;AMETHYSTS;10002;1;9995;25;;;10005;25;;;;;10003.5;373.0
0;18900;STARFRUIT;5030;7;5029;25;;;5036;25;;;;;5033.0;250.6796875
0;19000;AMETHYSTS;9996;1;9995;30;;;10004;1;10005;30;;;10000.0;375.0
0;19000;STARFRUIT;5029;31;;;;;5036;31;;;;;5032.5;254.5859375
0;19100;STARFRUIT;5030;2;5029;21;;;5036;23;;;;;5033.0;260.09375
0;19100;AMETHYSTS;9996;2;9995;21;;;10004;2;10005;21;;;10000.0;375.0
0;19200;AMETHYSTS;9995;26;;;;;10002;1;10005;26;;;9998.5;375.0
0;19200;STARFRUIT;5030;26;;;;;5037;26;;;;;5033.5;265.078125
0;19300;AMETHYSTS;9996;2;9995;23;;;9998;6;10004;2;10005;23;9997.0;375.0
0;19300;STARFRUIT;5032;2;5031;23;;;5038;25;;;;;5035.0;286.375
0;19400;AMETHYSTS;9996;2;9995;24;;;10002;5;10004;2;10005;24;9999.0;387.0
0;19400;STARFRUIT;5032;26;;;;;5038;2;5039;24;;;5035.0;290.5625
0;19500;STARFRUIT;5031;23;;;;;5038;23;;;;;5034.5;286.9375
0;19500;AMETHYSTS;9995;23;;;;;10005;23;;;;;10000.0;387.0
0;19600;AMETHYSTS;10002;1;9998;5;9996;1;10004;1;10005;26;;;10003.0;387.0
0;19600;STARFRUIT;5032;27;;;;;5038;1;5039;26;;;5035.0;290.8046875
0;19700;AMETHYSTS;9996;2;9995;29;;;10004;2;10005;29;;;10000.0;389.0
0;19700;STARFRUIT;5032;31;;;;;5039;31;;;;;5035.5;315.1796875
0;19800;AMETHYSTS;9996;2;9995;26;;;10004;2;10005;26;;;10000.0;389.0
0;19800;STARFRUIT;5033;2;5032;26;;;5039;28;;;;;5036.0;342.37890625
0;19900;STARFRUIT;5033;1;5032;22;;;5039;23;;;;;5036.0;341.9921875
0;19900;AMETHYSTS;9996;1;9995;22;;;9998;1;10004;1;10005;22;9997.0;389.0
0;20000;AMETHYSTS;9995;26;;;;;9998;1;10005;26;;;9996.5;391.0
0;20000;STARFRUIT;5032;26;;;;;5037;4;5039;26;;;5034.5;340.64453125
0;20100;AMETHYSTS;9996;1;9995;29;;;9998;4;10004;1;10005;29;9997.0;421.0
0;20100;STARFRUIT;5033;30;;;;;5038;4;5039;1;5040;29;5035.5;344.54296875
0;20200;AMETHYSTS;10002;1;9995;20;;;10005;20;;;;;10003.5;425.0
0;20200;STARFRUIT;5032;20;;;;;5039;20;;;;;5035.5;340.56640625
0;20300;STARFRUIT;5032;24;;;;;5039;24;;;;;5035.5;342.28125
0;20300;AMETHYSTS;10002;4;9995;24;;;10005;24;;;;;10003.5;427.0
0;20400;AMETHYSTS;10002;2;9996;1;9995;27;10004;1;10005;27;;;10003.0;435.0
0;20400;STARFRUIT;5032;28;;;;;5033;3;5039;28;;;5032.5;337.0390625
0;20500;AMETHYSTS;9998;7;9996;1;9995;25;10004;1;10005;25;;;10001.0;439.0
0;20500;STARFRUIT;5032;26;;;;;5033;8;5039;26;;;5032.5;347.1953125
0;20600;AMETHYSTS;9996;1;9995;24;;;9998;4;10002;5;10004;1;9997.0;439.0
0;20600;STARFRUIT;5033;25;;;;;5040;25;;;;;5036.5;381.9453125
0;20700;STARFRUIT;5038;2;5034;3;5033;30;5041;30;;;;;5039.5;395.7578125
0;20700;AMETHYSTS;9995;30;;;;;10005;30;;;;;10000.0;447.0
0;20800;AMETHYSTS;9996;2;9995;24;;;10004;2;10005;24;;;10000.0;453.0
0;20800;STARFRUIT;5034;26;;;;;5040;2;5041;24;;;5037.0;405.78125
0;20900;AMETHYSTS;9996;2;9995;29;;;10004;2;10005;29;;;10000.0;453.0
0;20900;STARFRUIT;5034;31;;;;;5035;1;5041;31;;;5034.5;422.7890625
0;21000;STARFRUIT;5034;26;;;;;5041;26;;;;;5037.5;424.3046875
0;21000;AMETHYSTS;9996;1;9995;25;;;10004;1;10005;25;;;10000.0;453.0
0;21100;STARFRUIT;5034;28;;;;;5037;2;5041;28;;;5035.5;418.7578125
0;21100;AMETHYSTS;9995;28;;;;;10000;2;10005;28;;;9997.5;453.0
0;21200;STARFRUIT;5040;1;5034;29;;;5041;29;;;;;5040.5;426.6015625
0;21200;AMETHYSTS;9995;29;;;;;9998;1;10005;29;;;9996.5;453.0
0;21300;AMETHYSTS;9995;22;;;;;10005;22;;;;;10000.0;455.0
0;21300;STARFRUIT;5034;22;;;;;5040;2;5042;22;;;5037.0;434.390625
0;21400;STARFRUIT;5035;1;5034;29;;;5041;30;;;;;5038.0;432.109375
0;21400;AMETHYSTS;9996;1;9995;29;;;10004;1;10005;29;;;10000.0;455.0
0;21500;STARFRUIT;5034;28;;;;;5035;5;5041;30;;;5034.5;432.3203125
0;21500;AMETHYSTS;9996;2;9995;28;;;10004;2;10005;28;;;10000.0;455.0
0;21600;STARFRUIT;5035;22;;;;;5042;22;;;;;5038.5;442.703125
0;21600;AMETHYSTS;9998;5;9996;2;9995;20;10004;2;10005;20;;;10001.0;455.0
0;21700;AMETHYSTS;9996;2;9995;25;;;10004;2;10005;25;;;10000.0;455.0
0;21700;STARFRUIT;5035;6;5034;25;;;5041;2;5042;25;;;5038.0;436.875
0;21800;STARFRUIT;5035;26;;;;;5042;26;;;;;5038.5;449.796875
0;21800;AMETHYSTS;9996;1;9995;25;;;10004;1;10005;25;;;10000.0;455.0
0;21900;STARFRUIT;5035;27;;;;;5042;27;;;;;5038.5;448.984375
0;21900;AMETHYSTS;9995;27;;;;;10002;3;10005;27;;;9998.5;455.0
0;22000;STARFRUIT;5035;22;;;;;5042;22;;;;;5038.5;450.2421875
0;22000;AMETHYSTS;9996;2;9995;20;;;10004;2;10005;20;;;10000.0;455.0
0;22100;AMETHYSTS;9995;22;;;;;10005;22;;;;;10000.0;455.0
0;22100;STARFRUIT;5035;22;;;;;5040;4;5042;22;;;5037.5;444.96875
0;22200;STARFRUIT;5036;3;5035;23;;;5042;23;;;;;5039.0;454.8203125
0;22200;AMETHYSTS;10002;1;9995;23;;;10005;23;;;;;10003.5;455.0
0;22300;STARFRUIT;5036;30;;;;;5043;30;;;;;5039.5;463.9921875
0;22300;AMETHYSTS;9996;2;9995;28;;;10004;2;10005;28;;;10000.0;457.0
0;22400;STARFRUIT;5036;24;;;;;5043;24;;;;;5039.5;470.7421875
0;22400;AMETHYSTS;9996;1;9995;23;;;10002;2;10004;1;10005;23;9999.0;457.0
0;22500;AMETHYSTS;9998;2;9995;27;;;10005;27;;;;;10001.5;457.0
0;22500;STARFRUIT;5041;1;5036;27;;;5043;27;;;;;5042.0;459.65625
0;22600;STARFRUIT;5042;1;5041;4;5037;4;5043;26;;;;;5042.5;471.4140625
0;22600;AMETHYSTS;9998;5;9996;1;9995;25;10004;1;10005;25;;;10001.0;457.0
0;22700;STARFRUIT;5036;26;;;;;5042;1;5043;25;;;5039.0;471.4609375
0;22700;AMETHYSTS;9996;1;9995;25;;;10002;9;10004;1;10005;25;9999.0;457.0
0;22800;STARFRUIT;5036;27;;;;;5043;27;;;;;5039.5;474.328125
0;22800;AMETHYSTS;10002;1;9996;1;9995;26;10004;1;10005;26;;;10003.0;457.0
0;22900;AMETHYSTS;10002;2;9996;1;9995;22;10004;1;10005;22;;;10003.0;459.0
0;22900;STARFRUIT;5036;23;;;;;5037;1;5041;4;5043;23;5036.5;478.9375
0;23000;STARFRUIT;5042;1;5037;1;5036;20;5043;21;;;;;5042.5;489.328125
0;23000;AMETHYSTS;9996;1;9995;20;;;10002;2;10004;1;10005;20;9999.0;467.0
0;23100;STARFRUIT;5038;7;5037;28;;;5043;2;5044;26;;;5040.5;498.3671875
0;23100;AMETHYSTS;9996;2;9995;26;;;10004;2;10005;26;;;10000.0;467.0
0;23200;AMETHYSTS;9996;1;9995;24;;;10002;4;10004;1;10005;24;9999.0;467.0
0;23200;STARFRUIT;5037;2;5036;24;;;5043;25;;;;;5040.0;493.3203125
0;23300;AMETHYSTS;9996;2;9995;21;;;10004;2;10005;21;;;10000.0;467.0
0;23300;STARFRUIT;5037;2;5036;21;;;5043;2;5044;21;;;5040.0;494.65625
0;23400;STARFRUIT;5037;1;5036;29;;;5043;1;5044;29;;;5040.0;494.9296875
0;23400;AMETHYSTS;9996;1;9995;29;;;10004;1;10005;29;;;10000.0;467.0
0;23500;AMETHYSTS;9996;1;9995;30;;;10004;1;10005;30;;;10000.0;467.0
0;23500;STARFRUIT;5038;3;5037;31;;;5044;31;;;;;5041.0;500.2890625
0;23600;AMETHYSTS;9996;2;9995;25;;;10004;2;10005;25;;;10000.0;467.0
0;23600;STARFRUIT;5037;1;5036;25;;;5043;27;;;;;5040.0;501.96875
0;23700;AMETHYSTS;9996;1;9995;20;;;10004;1;10005;20;;;10000.0;467.0
0;23700;STARFRUIT;5042;1;5037;21;;;5043;1;5044;20;;;5042.5;503.671875
0;23800;STARFRUIT;5037;22;;;;;5044;22;;;;;5040.5;505.96875
0;23800;AMETHYSTS;9995;22;;;;;10005;22;;;;;10000.0;467.0
0;23900;AMETHYSTS;9995;27;;;;;10005;27;;;;;10000.0;467.0
0;23900;STARFRUIT;5037;27;;;;;5044;27;;;;;5040.5;506.1875
0;24000;AMETHYSTS;9995;29;;;;;10005;29;;;;;10000.0;467.0
0;24000;STARFRUIT;5038;6;5037;29;;;5044;29;;;;;5041.0;519.2890625
0;24100;AMETHYSTS;9996;2;9995;20;;;10004;2;10005;20;;;10000.0;467.0
0;24100;STARFRUIT;5037;22;;;;;5044;22;;;;;5040.5;517.921875
0;24200;STARFRUIT;5038;24;;;;;5043;8;5044;1;5045;23;5040.5;526.71875
0;24200;AMETHYSTS;9996;1;9995;23;;;10002;7;10004;1;10005;23;9999.0;467.0
0;24300;AMETHYSTS;10002;1;9995;27;;;10005;27;;;;;10003.5;467.0
0;24300;STARFRUIT;5038;26;;;;;5043;5;5045;27;;;5040.5;525.4765625
0;24400;AMETHYSTS;9996;1;9995;28;;;10004;1;10005;28;;;10000.0;469.0
0;24400;STARFRUIT;5038;9;5037;28;;;5044;29;;;;;5041.0;520.765625
0;24500;AMETHYSTS;9996;2;9995;24;;;10002;10;10004;2;10005;24;9999.0;469.0
0;24500;STARFRUIT;5037;26;;;;;5044;26;;;;;5040.5;511.9453125
0;24600;STARFRUIT;5038;2;5037;22;;;5044;24;;;;;5041.0;520.5234375
0;24600;AMETHYSTS;9996;2;9995;22;;;10002;10;10004;2;10005;22;9999.0;469.0
0;24700;AMETHYSTS;9996;2;9995;20;;;10004;2;10005;20;;;10000.0;469.0
0;24700;STARFRUIT;5037;22;;;;;5044;22;;;;;5040.5;517.796875
0;24800;AMETHYSTS;9995;28;;;;;10005;28;;;;;10000.0;469.0
0;24800;STARFRUIT;5037;28;;;;;5044;28;;;;;5040.5;517.78125
0;24900;AMETHYSTS;9998;7;9995;24;;;10005;24;;;;;10001.5;469.0
0;24900;STARFRUIT;5037;24;;;;;5044;24;;;;;5040.5;513.796875
0;25000;STARFRUIT;5037;28;;;;;5043;1;5044;27;;;5040.0;509.609375
0;25000;AMETHYSTS;10002;1;9996;1;9995;27;10004;1;10005;27;;;10003.0;469.0
0;25100;AMETHYSTS;9998;8;9996;1;9995;26;10004;1;10005;26;;;10001.0;471.0
0;25100;STARFRUIT;5036;27;;;;;5043;27;;;;;5039.5;502.2734375
0;25200;AMETHYSTS;9996;2;9995;24;;;10000;4;10004;2;10005;24;9998.0;471.0
0;25200;STARFRUIT;5037;6;5036;26;;;5039;4;5043;26;;;5038.0;501.78125
0;25300;STARFRUIT;5036;22;;;;;5042;1;5043;21;;;5039.0;489.3046875
0;25300;AMETHYSTS;9998;9;9996;1;9995;21;10004;1;10005;21;;;10001.0;471.0
0;25400;AMETHYSTS;10002;3;9996;2;9995;27;10004;2;10005;27;;;10003.0;471.0
0;25400;STARFRUIT;5035;29;;;;;5042;29;;;;;5038.5;482.265625
0;25500;AMETHYSTS;9996;1;9995;23;;;10004;1;10005;23;;;10000.0;477.0
0;25500;STARFRUIT;5036;1;5035;23;;;5040;6;5042;24;;;5038.0;485.0
0;25600;AMETHYSTS;9995;24;;;;;10005;24;;;;;10000.0;477.0
0;25600;STARFRUIT;5035;24;;;;;5040;6;5042;24;;;5037.5;477.5078125
0;25700;STARFRUIT;5036;1;5035;24;;;5042;1;5043;24;;;5039.0;487.2734375
0;25700;AMETHYSTS;9996;1;9995;24;;;10004;1;10005;24;;;10000.0;477.0
0;25800;AMETHYSTS;10002;1;9996;2;9995;27;10004;2;10005;27;;;10003.0;477.0
0;25800;STARFRUIT;5037;29;;;;;5043;2;5044;27;;;5040.0;507.515625
0;25900;AMETHYSTS;9996;2;9995;27;;;10004;2;10005;27;;;10000.0;479.0
0;25900;STARFRUIT;5037;29;;;;;5044;29;;;;;5040.5;514.515625
0;26000;AMETHYSTS;9995;27;;;;;10005;27;;;;;10000.0;479.0
0;26000;STARFRUIT;5042;1;5037;27;;;5044;27;;;;;5043.0;511.0703125
0;26100;STARFRUIT;5042;1;5038;2;5037;25;5043;1;5044;24;;;5042.5;517.0859375
0;26100;AMETHYSTS;10002;1;9998;3;9996;1;10004;1;10005;24;;;10003.0;485.0
0;26200;AMETHYSTS;10002;1;9996;2;9995;27;10004;2;10005;27;;;10003.0;487.0
0;26200;STARFRUIT;5037;29;;;;;5043;2;5044;27;;;5040.0;524.9921875
0;26300;AMETHYSTS;9996;1;9995;25;;;10002;1;10004;1;10005;25;9999.0;489.0
0;26300;STARFRUIT;5037;26;;;;;5038;1;5044;26;;;5037.5;536.390625
0;26400;AMETHYSTS;9995;27;;;;;10005;27;;;;;10000.0;489.0
0;26400;STARFRUIT;5037;27;;;;;5044;27;;;;;5040.5;544.1796875
0;26500;STARFRUIT;5038;22;;;;;5044;1;5045;21;;;5041.0;549.28125
0;26500;AMETHYSTS;9996;1;9995;21;;;10004;1;10005;21;;;10000.0;489.0
0;26600;AMETHYSTS;9996;2;9995;29;;;9998;4;10004;2;10005;29;9997.0;489.0
0;26600;STARFRUIT;5037;31;;;;;5044;31;;;;;5040.5;536.375
0;26700;AMETHYSTS;9995;26;;;;;10005;26;;;;;10000.0;497.0
0;26700;STARFRUIT;5042;1;5038;8;5037;26;5044;26;;;;;5043.0;533.9765625
0;26800;AMETHYSTS;10002;1;9998;7;9995;20;10005;20;;;;;10003.5;497.0
0;26800;STARFRUIT;5037;20;;;;;5044;20;;;;;5040.5;538.296875
0;26900;STARFRUIT;5037;22;;;;;5044;22;;;;;5040.5;540.046875
0;26900;AMETHYSTS;9995;22;;;;;10005;22;;;;;10000.0;499.0
0;27000;AMETHYSTS;9998;2;9996;1;9995;26;10004;1;10005;26;;;10001.0;499.0
0;27000;STARFRUIT;5037;27;;;;;5042;6;5044;27;;;5039.5;533.453125
0;27100;AMETHYSTS;9996;2;9995;27;;;9998;1;10002;10;10004;2;9997.0;499.0
0;27100;STARFRUIT;5043;1;5037;29;;;5044;29;;;;;5043.5;539.3828125
0;27200;AMETHYSTS;9998;3;9996;2;9995;23;10004;2;10005;23;;;10001.0;501.0
0;27200;STARFRUIT;5042;1;5038;7;5037;25;5043;2;5044;23;;;5042.5;533.96875
0;27300;STARFRUIT;5037;25;;;;;5038;1;5044;25;;;5037.5;547.671875
0;27300;AMETHYSTS;9995;25;;;;;10002;8;10005;25;;;9998.5;501.0
0;27400;AMETHYSTS;9996;1;9995;22;;;9998;3;10004;1;10005;22;9997.0;501.0
0;27400;STARFRUIT;5041;6;5039;1;5038;22;5045;23;;;;;5043.0;565.9296875
0;27500;AMETHYSTS;9995;30;;;;;10005;30;;;;;10000.0;507.0
0;27500;STARFRUIT;5038;30;;;;;5045;30;;;;;5041.5;559.20703125
0;27600;AMETHYSTS;9996;2;9995;26;;;10002;4;10004;2;10005;26;9999.0;507.0
0;27600;STARFRUIT;5043;1;5039;6;5038;28;5045;28;;;;;5044.0;556.703125
0;27700;STARFRUIT;5038;32;;;;;5045;32;;;;;5041.5;559.328125
0;27700;AMETHYSTS;9996;2;9995;30;;;10004;2;10005;30;;;10000.0;507.0
0;27800;AMETHYSTS;9998;2;9996;2;9995;20;10004;2;10005;20;;;10001.0;507.0
0;27800;STARFRUIT;5039;5;5038;22;;;5044;2;5045;20;;;5041.5;554.53125
0;27900;AMETHYSTS;9995;29;;;;;10005;29;;;;;10000.0;507.0
0;27900;STARFRUIT;5038;29;;;;;5043;8;5045;29;;;5040.5;561.1171875
0;28000;AMETHYSTS;9995;22;;;;;10005;22;;;;;10000.0;507.0
0;28000;STARFRUIT;5039;4;5038;22;;;5045;22;;;;;5042.0;559.046875
0;28100;STARFRUIT;5039;21;;;;;5046;21;;;;;5042.5;569.15234375
0;28100;AMETHYSTS;9996;1;9995;20;;;10004;1;10005;20;;;10000.0;507.0
0;28200;AMETHYSTS;9995;23;;;;;10005;23;;;;;10000.0;507.0
0;28200;STARFRUIT;5039;23;;;;;5046;23;;;;;5042.5;568.42578125
0;28300;AMETHYSTS;9996;2;9995;28;;;10004;2;10005;28;;;10000.0;516.0
0;28300;STARFRUIT;5039;30;;;;;5045;2;5046;28;;;5042.0;566.53125
0;28400;AMETHYSTS;9995;20;;;;;10002;8;10005;20;;;9998.5;516.0
0;28400;STARFRUIT;5039;20;;;;;5046;20;;;;;5042.5;567.9921875
0;28500;STARFRUIT;5039;5;5038;28;;;5045;30;;;;;5042.0;563.54296875
0;28500;AMETHYSTS;9996;2;9995;28;;;10004;2;10005;28;;;10000.0;516.0
0;28600;AMETHYSTS;9996;2;9995;26;;;10000;5;10002;5;10004;2;9998.0;516.0
0;28600;STARFRUIT;5039;27;;;;;5042;5;5045;2;5046;26;5040.5;566.2421875
0;28700;AMETHYSTS;9998;8;9996;2;9995;22;10004;2;10005;22;;;10001.0;516.0
0;28700;STARFRUIT;5039;23;;;;;5045;2;5046;22;;;5042.0;566.34375
0;28800;AMETHYSTS;9995;21;;;;;10002;8;10005;21;;;9998.5;516.0
0;28800;STARFRUIT;5038;21;;;;;5046;21;;;;;5042.0;564.83984375
0;28900;STARFRUIT;5040;1;5039;23;;;5045;1;5046;22;;;5042.5;566.875
0;28900;AMETHYSTS;9996;1;9995;22;;;10002;5;10004;1;10005;22;9999.0;516.0
0;29000;AMETHYSTS;10002;1;9996;2;9995;24;10004;2;10005;24;;;10003.0;516.0
0;29000;STARFRUIT;5039;26;;;;;5045;2;5046;24;;;5042.0;567.16015625
0;29100;AMETHYSTS;9995;23;;;;;10002;2;10005;23;;;9998.5;518.0
0;29100;STARFRUIT;5039;23;;;;;5046;23;;;;;5042.5;566.6015625
0;29200;AMETHYSTS;9996;1;9995;22;;;10004;1;10005;22;;;10000.0;518.0
0;29200;STARFRUIT;5040;1;5039;22;;;5046;23;;;;;5043.0;574.6015625
0;29300;STARFRUIT;5040;23;;;;;5046;1;5047;22;;;5043.0;577.72265625
0;29300;AMETHYSTS;9996;1;9995;22;;;10004;1;10005;22;;;10000.0;518.0
0;29400;AMETHYSTS;9996;2;9995;23;;;10002;4;10004;2;10005;23;9999.0;518.0
0;29400;STARFRUIT;5039;25;;;;;5046;25;;;;;5042.5;571.90625
0;29500;AMETHYSTS;9998;6;9995;20;;;10005;20;;;;;10001.5;518.0
0;29500;STARFRUIT;5039;20;;;;;5040;1;5046;20;;;5039.5;574.5234375
0;29600;AMETHYSTS;9996;1;9995;26;;;10000;4;10004;1;10005;26;9998.0;518.0
0;29600;STARFRUIT;5040;1;5039;26;;;5042;4;5046;27;;;5041.0;576.7578125
0;29700;STARFRUIT;5040;23;;;;;5045;8;5046;1;5047;22;5042.5;579.33984375
0;29700;AMETHYSTS;9996;1;9995;22;;;10002;7;10004;1;10005;22;9999.0;518.0
0;29800;STARFRUIT;5045;1;5040;4;5039;25;5047;25;;;;;5046.0;578.9375
0;29800;AMETHYSTS;9995;25;;;;;10005;25;;;;;10000.0;518.0
0;29900;AMETHYSTS;9996;2;9995;30;;;10004;2;10005;30;;;10000.0;518.0
0;29900;STARFRUIT;5040;32;;;;;5047;32;;;;;5043.5;587.515625
0;30000;STARFRUIT;5041;6;5040;23;;;5047;25;;;;;5044.0;590.0078125
0;30000;AMETHYSTS;9998;10;9996;2;9995;23;10004;2;10005;23;;;10001.0;533.0
0;30100;STARFRUIT;5041;1;5040;20;;;5047;21;;;;;5044.0;622.68359375
0;30100;AMETHYSTS;9996;1;9995;20;;;10004;1;10005;20;;;10000.0;533.0
0;30200;STARFRUIT;5041;30;;;;;5048;30;;;;;5044.5;620.95703125
0;30200;AMETHYSTS;9996;2;9995;28;;;9998;1;10002;8;10004;2;9997.0;533.0
0;30300;AMETHYSTS;10002;4;9996;2;9995;29;10004;2;10005;29;;;10003.0;535.0
0;30300;STARFRUIT;5041;31;;;;;5046;1;5047;2;5048;29;5043.5;621.681640625
0;30400;STARFRUIT;5045;2;5040;30;;;5047;30;;;;;5046.0;623.8828125
0;30400;AMETHYSTS;9995;30;;;;;10005;30;;;;;10000.0;543.0
0;30500;STARFRUIT;5040;7;5039;28;;;5046;30;;;;;5043.0;630.5390625
0;30500;AMETHYSTS;9996;2;9995;28;;;10004;2;10005;28;;;10000.0;543.0
0;30600;STARFRUIT;5040;32;;;;;5045;7;5046;2;5047;30;5042.5;629.53125
0;30600;AMETHYSTS;10002;1;9996;2;9995;30;10004;2;10005;30;;;10003.0;543.0
0;30700;AMETHYSTS;9996;2;9995;27;;;10004;2;10005;27;;;10000.0;545.0
0;30700;STARFRUIT;5039;29;;;;;5046;29;;;;;5042.5;631.84765625
0;30800;STARFRUIT;5039;2;5038;29;;;5045;31;;;;;5042.0;636.26953125
0;30800;AMETHYSTS;9998;8;9996;2;9995;29;10004;2;10005;29;;;10001.0;557.0
0;30900;STARFRUIT;5038;21;;;;;5043;7;5045;21;;;5040.5;636.65625
0;30900;AMETHYSTS;9995;21;;;;;10005;21;;;;;10000.0;557.0
0;31000;STARFRUIT;5043;1;5042;5;5038;28;5045;28;;;;;5044.0;639.94140625
0;31000;AMETHYSTS;9996;2;9995;26;;;10002;2;10004;2;10005;26;9999.0;557.0
0;31100;AMETHYSTS;10002;1;9995;23;;;10005;23;;;;;10003.5;557.0
0;31100;STARFRUIT;5038;23;;;;;5039;9;5045;23;;;5038.5;643.94921875
0;31200;STARFRUIT;5037;21;;;;;5042;8;5044;22;;;5039.5;670.4609375
0;31200;AMETHYSTS;9996;1;9995;21;;;10002;6;10004;1;10005;21;9999.0;562.0
0;31300;STARFRUIT;5038;22;;;;;5044;2;5045;20;;;5041.0;669.6328125
0;31300;AMETHYSTS;9996;2;9995;20;;;10004;2;10005;20;;;10000.0;562.0
0;31400;STARFRUIT;5038;22;;;;;5045;22;;;;;5041.5;668.4140625
0;31400;AMETHYSTS;9995;22;;;;;10005;22;;;;;10000.0;602.0
0;31500;AMETHYSTS;9996;1;9995;21;;;10004;1;10005;21;;;10000.0;602.0
0;31500;STARFRUIT;5038;22;;;;;5045;22;;;;;5041.5;668.30859375
0;31600;STARFRUIT;5039;24;;;;;5046;24;;;;;5042.5;664.90234375
0;31600;AMETHYSTS;9995;24;;;;;9998;3;10005;24;;;9996.5;602.0
0;31700;STARFRUIT;5038;29;;;;;5045;29;;;;;5041.5;666.82421875
0;31700;AMETHYSTS;9995;29;;;;;10002;3;10005;29;;;9998.5;608.0
0;31800;STARFRUIT;5043;2;5038;24;;;5045;24;;;;;5044.0;667.8671875
0;31800;AMETHYSTS;9996;2;9995;22;;;10002;2;10004;2;10005;22;9999.0;608.0
0;31900;AMETHYSTS;9996;2;9995;26;;;10004;2;10005;26;;;10000.0;617.0
0;31900;STARFRUIT;5039;6;5038;28;;;5045;28;;;;;5042.0;670.3046875
0;32000;STARFRUIT;5038;22;;;;;5045;22;;;;;5041.5;671.990234375
0;32000;AMETHYSTS;9996;2;9995;20;;;10002;10;10004;2;10005;20;9999.0;617.0
0;32100;AMETHYSTS;9998;9;9995;25;;;10005;25;;;;;10001.5;617.0
0;32100;STARFRUIT;5037;25;;;;;5044;25;;;;;5040.5;675.328125
0;32200;AMETHYSTS;9996;1;9995;24;;;10002;5;10004;1;10005;24;9999.0;617.0
0;32200;STARFRUIT;5037;25;;;;;5044;25;;;;;5040.5;676.375
0;32300;AMETHYSTS;10000;3;9996;2;9995;30;10004;2;10005;30;;;10002.0;623.0
0;32300;STARFRUIT;5040;3;5038;2;5037;30;5044;32;;;;;5042.0;680.494140625
0;32400;STARFRUIT;5037;29;;;;;5044;29;;;;;5040.5;681.734375
0;32400;AMETHYSTS;9998;2;9995;29;;;10005;29;;;;;10001.5;623.0
0;32500;AMETHYSTS;10002;1;9996;2;9995;24;10004;2;10005;24;;;10003.0;623.0
0;32500;STARFRUIT;5038;1;5037;26;;;5043;2;5044;24;;;5040.5;683.83203125
0;32600;AMETHYSTS;9998;1;9996;2;9995;26;10004;2;10005;26;;;10001.0;625.0
0;32600;STARFRUIT;5037;28;;;;;5044;28;;;;;5040.5;682.189453125
0;32700;AMETHYSTS;9996;2;9995;30;;;10004;2;10005;30;;;10000.0;625.0
0;32700;STARFRUIT;5038;32;;;;;5044;2;5045;30;;;5041.0;696.23046875
0;32800;STARFRUIT;5038;29;;;;;5045;29;;;;;5041.5;694.640625
0;32800;AMETHYSTS;9995;29;;;;;10005;29;;;;;10000.0;625.0
0;32900;AMETHYSTS;9996;1;9995;20;;;10002;10;10004;1;10005;20;9999.0;625.0
0;32900;STARFRUIT;5038;1;5037;20;;;5044;21;;;;;5041.0;700.58984375
0;33000;AMETHYSTS;9998;2;9995;28;;;10005;28;;;;;10001.5;625.0
0;33000;STARFRUIT;5037;28;;;;;5042;4;5044;28;;;5039.5;698.6328125
0;33100;AMETHYSTS;9996;1;9995;25;;;10004;1;10005;25;;;10000.0;625.0
0;33100;STARFRUIT;5037;26;;;;;5044;26;;;;;5040.5;701.37109375
0;33200;STARFRUIT;5038;24;;;;;5043;5;5044;1;5045;23;5040.5;695.46875
0;33200;AMETHYSTS;9996;1;9995;23;;;10004;1;10005;23;;;10000.0;625.0
0;33300;AMETHYSTS;9996;1;9995;30;;;10002;1;10004;1;10005;30;9999.0;625.0
0;33300;STARFRUIT;5038;31;;;;;5045;31;;;;;5041.5;692.890625
0;33400;AMETHYSTS;9995;20;;;;;10005;20;;;;;10000.0;625.0
0;33400;STARFRUIT;5037;20;;;;;5042;2;5044;20;;;5039.5;699.60546875
0;33500;AMETHYSTS;9996;2;9995;21;;;10002;4;10004;2;10005;21;9999.0;625.0
0;33500;STARFRUIT;5038;2;5037;21;;;5044;23;;;;;5041.0;699.19921875
0;33600;STARFRUIT;5037;27;;;;;5044;27;;;;;5040.5;709.15234375
0;33600;AMETHYSTS;9995;27;;;;;9998;2;10005;27;;;9996.5;625.0
0;33700;AMETHYSTS;9996;1;9995;25;;;10004;1;10005;25;;;10000.0;629.0
0;33700;STARFRUIT;5037;1;5036;25;;;5041;6;5043;26;;;5039.0;713.6171875
0;33800;AMETHYSTS;9995;21;;;;;10002;4;10005;21;;;9998.5;629.0
0;33800;STARFRUIT;5036;21;;;;;5043;21;;;;;5039.5;719.8984375
0;33900;AMETHYSTS;9996;1;9995;27;;;10004;1;10005;27;;;10000.0;629.0
0;33900;STARFRUIT;5035;28;;;;;5042;28;;;;;5038.5;727.39453125
0;34000;STARFRUIT;5041;1;5036;2;5035;28;5042;30;;;;;5041.5;725.23046875
0;34000;AMETHYSTS;9996;2;9995;28;;;10004;2;10005;28;;;10000.0;629.0
0;34100;AMETHYSTS;9996;2;9995;25;;;10004;2;10005;25;;;10000.0;669.0
0;34100;STARFRUIT;5036;2;5035;25;;;5042;27;;;;;5039.0;728.7890625
0;34200;AMETHYSTS;9996;2;9995;30;;;10002;2;10004;2;10005;30;9999.0;669.0
0;34200;STARFRUIT;5036;32;;;;;5043;32;;;;;5039.5;715.375
0;34300;STARFRUIT;5036;28;;;;;5043;29;;;;;5039.5;719.734375
0;34300;AMETHYSTS;9996;1;9995;28;;;10004;1;10005;28;;;10000.0;669.0
0;34400;AMETHYSTS;9996;2;9995;28;;;10004;2;10005;28;;;10000.0;669.0
0;34400;STARFRUIT;5036;30;;;;;5043;30;;;;;5039.5;717.5
0;34500;AMETHYSTS;9996;2;9995;22;;;10004;2;10005;22;;;10000.0;669.0
0;34500;STARFRUIT;5037;24;;;;;5044;24;;;;;5040.5;706.4609375
0;34600;AMETHYSTS;9995;24;;;;;10005;24;;;;;10000.0;669.0
0;34600;STARFRUIT;5037;24;;;;;5044;24;;;;;5040.5;711.53125
0;34700;STARFRUIT;5037;7;5036;25;;;5043;25;;;;;5040.0;717.1171875
0;34700;AMETHYSTS;9996;2;9995;23;;;10004;2;10005;23;;;10000.0;669.0
0;34800;AMETHYSTS;9998;3;9996;2;9995;22;10004;2;10005;22;;;10001.0;669.0
0;34800;STARFRUIT;5036;22;;;;;5037;8;5043;24;;;5036.5;727.671875
0;34900;AMETHYSTS;9995;24;;;;;10005;24;;;;;10000.0;669.0
0;34900;STARFRUIT;5037;24;;;;;5044;24;;;;;5040.5;743.390625
0;35000;AMETHYSTS;9995;29;;;;;10005;29;;;;;10000.0;669.0
0;35000;STARFRUIT;5037;29;;;;;5044;29;;;;;5040.5;743.171875
0;35100;STARFRUIT;5037;23;;;;;5044;23;;;;;5040.5;744.6484375
0;35100;AMETHYSTS;9996;2;9995;21;;;10004;2;10005;21;;;10000.0;669.0
0;35200;AMETHYSTS;9995;24;;;;;10005;24;;;;;10000.0;669.0
0;35200;STARFRUIT;5037;24;;;;;5042;3;5044;24;;;5039.5;741.953125
0;35300;AMETHYSTS;9998;8;9996;1;9995;22;10004;1;10005;22;;;10001.0;669.0
0;35300;STARFRUIT;5038;8;5037;23;;;5044;23;;;;;5041.0;743.5859375
0;35400;AMETHYSTS;10002;1;9996;2;9995;25;10004;2;10005;25;;;10003.0;669.0
0;35400;STARFRUIT;5037;27;;;;;5044;27;;;;;5040.5;738.9140625
0;35500;STARFRUIT;5037;29;;;;;5044;29;;;;;5040.5;743.7265625
0;35500;AMETHYSTS;9996;2;9995;27;;;10004;2;10005;27;;;10000.0;671.0
0;35600;AMETHYSTS;9996;1;9995;23;;;10002;3;10004;1;10005;23;9999.0;677.0
0;35600;STARFRUIT;5038;1;5037;23;;;5044;24;;;;;5041.0;738.12109375
0;35700;AMETHYSTS;9996;2;9995;29;;;10002;9;10004;2;10005;29;9999.0;677.0
0;35700;STARFRUIT;5037;31;;;;;5044;31;;;;;5040.5;738.8984375
0;35800;AMETHYSTS;9996;2;9995;21;;;10004;2;10005;21;;;10000.0;677.0
0;35800;STARFRUIT;5037;8;5036;21;;;5043;2;5044;21;;;5040.0;747.9921875
0;35900;STARFRUIT;5036;30;;;;;5043;30;;;;;5039.5;785.25
0;35900;AMETHYSTS;9996;2;9995;28;;;10004;2;10005;28;;;10000.0;677.0
0;36000;AMETHYSTS;9995;30;;;;;10000;2;10002;9;10005;30;9997.5;677.0
0;36000;STARFRUIT;5036;30;;;;;5039;2;5041;2;5043;30;5037.5;785.296875
0;36100;AMETHYSTS;9998;7;9996;2;9995;21;10004;2;10005;21;;;10001.0;677.0
0;36100;STARFRUIT;5036;23;;;;;5041;6;5043;23;;;5038.5;784.1796875
0;36200;AMETHYSTS;9998;5;9996;1;9995;29;10004;1;10005;29;;;10001.0;677.0
0;36200;STARFRUIT;5036;1;5035;29;;;5042;30;;;;;5039.0;794.875
0;36300;STARFRUIT;5035;31;;;;;5042;31;;;;;5038.5;796.4296875
0;36300;AMETHYSTS;9996;1;9995;30;;;10004;1;10005;30;;;10000.0;677.0
0;36400;AMETHYSTS;9996;1;9995;28;;;10002;8;10004;1;10005;28;9999.0;677.0
0;36400;STARFRUIT;5036;2;5035;28;;;5042;29;;;;;5039.0;794.546875
0;36500;AMETHYSTS;9996;2;9995;27;;;10004;2;10005;27;;;10000.0;677.0
0;36500;STARFRUIT;5035;28;;;;;5042;29;;;;;5038.5;800.8515625
0;36600;AMETHYSTS;9996;1;9995;30;;;10000;2;10004;1;10005;30;9998.0;677.0
0;36600;STARFRUIT;5035;31;;;;;5038;2;5042;31;;;5036.5;805.53125
0;36700;STARFRUIT;5035;22;;;;;5042;22;;;;;5038.5;802.828125
0;36700;AMETHYSTS;10002;1;9996;1;9995;21;10004;1;10005;21;;;10003.0;677.0
0;36800;AMETHYSTS;9996;2;9995;23;;;10004;2;10005;23;;;10000.0;679.0
0;36800;STARFRUIT;5035;25;;;;;5042;25;;;;;5038.5;798.6953125
0;36900;AMETHYSTS;9998;6;9995;22;;;10005;22;;;;;10001.5;679.0
0;36900;STARFRUIT;5035;22;;;;;5042;22;;;;;5038.5;798.9453125
0;37000;AMETHYSTS;9996;2;9995;20;;;10004;2;10005;20;;;10000.0;679.0
0;37000;STARFRUIT;5036;2;5035;20;;;5042;22;;;;;5039.0;796.9140625
0;37100;STARFRUIT;5039;5;5036;24;;;5043;24;;;;;5041.0;793.0703125
0;37100;AMETHYSTS;10000;5;9995;24;;;10005;24;;;;;10002.5;679.0
0;37200;AMETHYSTS;9996;2;9995;27;;;10004;2;10005;27;;;10000.0;679.0
0;37200;STARFRUIT;5037;2;5036;27;;;5043;29;;;;;5040.0;779.578125
0;37300;AMETHYSTS;9996;1;9995;22;;;10004;1;10005;22;;;10000.0;679.0
0;37300;STARFRUIT;5037;23;;;;;5042;4;5044;23;;;5039.5;775.1796875
0;37400;AMETHYSTS;9995;22;;;;;10005;22;;;;;10000.0;679.0
0;37400;STARFRUIT;5038;4;5037;22;;;5044;22;;;;;5041.0;768.65625
0;37500;STARFRUIT;5040;5;5037;31;;;5044;31;;;;;5042.0;770.7734375
0;37500;AMETHYSTS;10000;5;9996;1;9995;30;10004;1;10005;30;;;10002.0;688.0
0;37600;AMETHYSTS;9996;1;9995;24;;;10004;1;10005;24;;;10000.0;688.0
0;37600;STARFRUIT;5037;25;;;;;5042;5;5044;25;;;5039.5;776.03125
0;37700;AMETHYSTS;10002;1;9995;20;;;10005;20;;;;;10003.5;688.0
0;37700;STARFRUIT;5037;20;;;;;5044;20;;;;;5040.5;784.28125
0;37800;AMETHYSTS;9996;2;9995;23;;;10004;2;10005;23;;;10000.0;730.0
0;37800;STARFRUIT;5037;25;;;;;5043;2;5044;23;;;5040.0;802.1328125
0;37900;STARFRUIT;5038;29;;;;;5044;2;5045;27;;;5041.0;791.91015625
0;37900;AMETHYSTS;9996;2;9995;27;;;10004;2;10005;27;;;10000.0;730.0
0;38000;AMETHYSTS;9998;3;9995;30;;;10005;30;;;;;10001.5;730.0
0;38000;STARFRUIT;5038;30;;;;;5045;30;;;;;5041.5;789.4453125
0;38100;AMETHYSTS;9998;4;9996;1;9995;28;10004;1;10005;28;;;10001.0;730.0
0;38100;STARFRUIT;5038;29;;;;;5043;4;5045;29;;;5040.5;790.08984375
0;38200;AMETHYSTS;9998;4;9996;2;9995;29;10004;2;10005;29;;;10001.0;730.0
0;38200;STARFRUIT;5039;2;5038;29;;;5045;31;;;;;5042.0;782.3203125
0;38300;STARFRUIT;5040;5;5039;22;;;5046;22;;;;;5043.0;777.1171875
0;38300;AMETHYSTS;9995;22;;;;;10005;22;;;;;10000.0;730.0
0;38400;AMETHYSTS;9996;2;9995;29;;;10004;2;10005;29;;;10000.0;730.0
0;38400;STARFRUIT;5039;31;;;;;5040;4;5046;31;;;5039.5;778.03125
0;38500;AMETHYSTS;9996;2;9995;22;;;10004;2;10005;22;;;10000.0;730.0
0;38500;STARFRUIT;5038;24;;;;;5045;24;;;;;5041.5;793.078125
0;38600;STARFRUIT;5038;31;;;;;5044;2;5045;29;;;5041.0;795.50390625
0;38600;AMETHYSTS;10002;1;9996;2;9995;29;10004;2;10005;29;;;10003.0;730.0
0;38700;STARFRUIT;5038;1;5037;20;;;5044;22;;;;;5041.0;798.265625
0;38700;AMETHYSTS;9996;2;9995;20;;;10004;2;10005;20;;;10000.0;732.0
0;38800;STARFRUIT;5038;27;;;;;5043;2;5044;2;5045;25;5040.5;795.52734375
0;38800;AMETHYSTS;9996;2;9995;25;;;10004;2;10005;25;;;10000.0;732.0
0;38900;AMETHYSTS;9996;2;9995;23;;;10004;2;10005;23;;;10000.0;732.0
0;38900;STARFRUIT;5038;25;;;;;5045;25;;;;;5041.5;793.98828125
0;39000;STARFRUIT;5039;1;5038;23;;;5041;3;5044;6;5045;1;5040.0;790.109375
0;39000;AMETHYSTS;9996;1;9995;23;;;10000;3;10004;1;10005;23;9998.0;732.0
0;39100;STARFRUIT;5039;8;5038;30;;;5045;30;;;;;5042.0;793.994140625
0;39100;AMETHYSTS;9996;2;9995;28;;;9998;3;10004;2;10005;28;9997.0;732.0
0;39200;STARFRUIT;5039;5;5038;21;;;5041;4;5045;21;;;5040.0;793.392578125
0;39200;AMETHYSTS;9995;21;;;;;10000;4;10005;21;;;9997.5;738.0
0;39300;AMETHYSTS;9995;24;;;;;10005;24;;;;;10000.0;742.0
0;39300;STARFRUIT;5038;24;;;;;5045;24;;;;;5041.5;799.49365234375
0;39400;STARFRUIT;5038;21;;;;;5045;21;;;;;5041.5;804.1650390625
0;39400;AMETHYSTS;9995;21;;;;;10005;21;;;;;10000.0;748.0
0;39500;STARFRUIT;5038;29;;;;;5043;3;5045;29;;;5040.5;804.375
0;39500;AMETHYSTS;9995;29;;;;;10005;29;;;;;10000.0;748.0
0;39600;STARFRUIT;5038;31;;;;;5045;31;;;;;5041.5;804.42919921875
0;39600;AMETHYSTS;9996;1;9995;30;;;10004;1;10005;30;;;10000.0;748.0
0;39700;AMETHYSTS;9996;1;9995;29;;;10000;6;10004;1;10005;29;9998.0;748.0
0;39700;STARFRUIT;5038;29;;;;;5041;6;5045;30;;;5039.5;804.85498046875
0;39800;STARFRUIT;5038;24;;;;;5044;2;5045;22;;;5041.0;804.20166015625
0;39800;AMETHYSTS;9996;2;9995;22;;;9998;1;10004;2;10005;22;9997.0;748.0
0;39900;STARFRUIT;5038;29;;;;;5043;7;5045;29;;;5040.5;804.34228515625
0;39900;AMETHYSTS;9998;10;9996;1;9995;28;10004;1;10005;28;;;10001.0;750.0
0;40000;STARFRUIT;5037;26;;;;;5044;26;;;;;5040.5;803.61865234375
0;40000;AMETHYSTS;10002;11;9996;1;9995;25;10004;1;10005;25;;;10003.0;750.0
0;40100;AMETHYSTS;9995;30;;;;;10005;30;;;;;10000.0;772.0
0;40100;STARFRUIT;5037;30;;;;;5042;4;5044;30;;;5039.5;803.50244140625
0;40200;STARFRUIT;5037;25;;;;;5044;25;;;;;5040.5;835.8671875
0;40200;AMETHYSTS;9996;1;9995;24;;;10002;7;10004;1;10005;24;9999.0;772.0
0;40300;STARFRUIT;5037;1;5036;29;;;5043;30;;;;;5040.0;829.4296875
0;40300;AMETHYSTS;10002;4;9996;1;9995;29;10004;1;10005;29;;;10003.0;772.0
0;40400;STARFRUIT;5037;25;;;;;5043;2;5044;23;;;5040.0;844.796875
0;40400;AMETHYSTS;9996;2;9995;23;;;10004;2;10005;23;;;10000.0;780.0
0;40500;AMETHYSTS;9996;1;9995;21;;;10004;1;10005;21;;;10000.0;780.0
0;40500;STARFRUIT;5037;22;;;;;5044;22;;;;;5040.5;846.0234375
0;40600;STARFRUIT;5037;28;;;;;5045;28;;;;;5041.0;852.05859375
0;40600;AMETHYSTS;10002;1;9995;28;;;10005;28;;;;;10003.5;780.0
0;40700;STARFRUIT;5044;1;5039;6;5038;30;5045;30;;;;;5044.5;888.94921875
0;40700;AMETHYSTS;9998;10;9996;1;9995;29;10004;1;10005;29;;;10001.0;782.0
0;40800;STARFRUIT;5038;21;;;;;5045;21;;;;;5041.5;890.9140625
0;40800;AMETHYSTS;9995;21;;;;;10005;21;;;;;10000.0;782.0
0;40900;AMETHYSTS;9998;2;9995;25;;;10005;25;;;;;10001.5;782.0
0;40900;STARFRUIT;5040;3;5039;25;;;5046;25;;;;;5043.0;887.65234375
0;41000;STARFRUIT;5039;21;;;;;5042;2;5044;7;5045;1;5040.5;887.884765625
0;41000;AMETHYSTS;9998;10;9996;1;9995;20;10000;2;10004;1;10005;20;9999.0;782.0
0;41100;AMETHYSTS;9996;2;9995;23;;;10004;2;10005;23;;;10000.0;782.0
0;41100;STARFRUIT;5038;25;;;;;5045;25;;;;;5041.5;889.9453125
0;41200;AMETHYSTS;9995;20;;;;;10005;20;;;;;10000.0;782.0
0;41200;STARFRUIT;5038;20;;;;;5046;20;;;;;5042.0;889.0673828125
0;41300;AMETHYSTS;9995;27;;;;;10005;27;;;;;10000.0;782.0
0;41300;STARFRUIT;5039;8;5038;27;;;5045;27;;;;;5042.0;889.888671875
0;41400;STARFRUIT;5039;30;;;;;5046;30;;;;;5042.5;887.8203125
0;41400;AMETHYSTS;9996;1;9995;29;;;10004;1;10005;29;;;10000.0;782.0
0;41500;AMETHYSTS;9996;2;9995;29;;;10004;2;10005;29;;;10000.0;782.0
0;41500;STARFRUIT;5039;9;5038;29;;;5045;31;;;;;5042.0;889.181640625
0;41600;AMETHYSTS;9995;26;;;;;10005;26;;;;;10000.0;782.0
0;41600;STARFRUIT;5038;26;;;;;5045;26;;;;;5041.5;889.697265625
0;41700;AMETHYSTS;9995;23;;;;;10005;23;;;;;10000.0;782.0
0;41700;STARFRUIT;5042;2;5038;23;;;5045;23;;;;;5043.5;890.861328125
0;41800;STARFRUIT;5038;21;;;;;5044;1;5045;21;;;5041.0;893.2421875
0;41800;AMETHYSTS;9996;1;9995;21;;;10004;1;10005;21;;;10000.0;782.0
0;41900;AMETHYSTS;9995;28;;;;;10002;8;10005;28;;;9998.5;782.0
0;41900;STARFRUIT;5038;28;;;;;5045;28;;;;;5041.5;891.947265625
0;42000;AMETHYSTS;9996;1;9995;27;;;9998;1;10004;1;10005;27;9997.0;782.0
0;42000;STARFRUIT;5038;1;5037;27;;;5044;28;;;;;5041.0;894.29296875
0;42100;AMETHYSTS;10002;2;9995;22;;;10005;22;;;;;10003.5;784.0
0;42100;STARFRUIT;5039;7;5038;22;;;5045;22;;;;;5042.0;893.046875
0;42200;STARFRUIT;5038;22;;;;;5045;22;;;;;5041.5;889.544921875
0;42200;AMETHYSTS;9995;22;;;;;10005;22;;;;;10000.0;788.0
0;42300;AMETHYSTS;9996;2;9995;20;;;10004;2;10005;20;;;10000.0;788.0
0;42300;STARFRUIT;5039;22;;;;;5045;2;5046;20;;;5042.0;888.326171875
0;42400;AMETHYSTS;9996;2;9995;26;;;10002;2;10004;2;10005;26;9999.0;788.0
0;42400;STARFRUIT;5038;28;;;;;5045;28;;;;;5041.5;891.47265625
0;42500;AMETHYSTS;9995;24;;;;;10005;24;;;;;10000.0;788.0
0;42500;STARFRUIT;5038;24;;;;;5043;2;5045;24;;;5040.5;891.771484375
0;42600;STARFRUIT;5043;1;5038;28;;;5045;28;;;;;5044.0;895.154296875
0;42600;AMETHYSTS;9995;28;;;;;10005;28;;;;;10000.0;791.0
0;42700;AMETHYSTS;9996;1;9995;23;;;10004;1;10005;23;;;10000.0;791.0
0;42700;STARFRUIT;5038;24;;;;;5044;1;5045;23;;;5041.0;897.021484375
0;42800;AMETHYSTS;9995;29;;;;;10000;2;10005;29;;;9997.5;791.0
0;42800;STARFRUIT;5038;29;;;;;5041;2;5045;29;;;5039.5;896.787109375
0;42900;AMETHYSTS;10002;5;9995;20;;;10005;20;;;;;10003.5;791.0
0;42900;STARFRUIT;5038;20;;;;;5045;20;;;;;5041.5;896.9248046875
0;43000;STARFRUIT;5038;27;;;;;5045;27;;;;;5041.5;897.017578125
0;43000;AMETHYSTS;9996;1;9995;26;;;10002;6;10004;1;10005;26;9999.0;801.0
0;43100;AMETHYSTS;9998;9;9996;1;9995;24;10004;1;10005;24;;;10001.0;801.0
0;43100;STARFRUIT;5038;25;;;;;5045;25;;;;;5041.5;896.240234375
0;43200;AMETHYSTS;9996;2;9995;29;;;10002;5;10004;2;10005;29;9999.0;801.0
0;43200;STARFRUIT;5038;31;;;;;5045;31;;;;;5041.5;896.677734375
0;43300;STARFRUIT;5043;1;5037;20;;;5044;20;;;;;5043.5;899.00390625
0;43300;AMETHYSTS;9998;10;9995;20;;;10005;20;;;;;10001.5;801.0
0;43400;AMETHYSTS;9996;2;9995;22;;;10004;2;10005;22;;;10000.0;801.0
0;43400;STARFRUIT;5037;24;;;;;5043;2;5044;22;;;5040.0;903.12109375
0;43500;AMETHYSTS;9996;1;9995;24;;;10002;7;10004;1;10005;24;9999.0;801.0
0;43500;STARFRUIT;5037;6;5036;25;;;5043;25;;;;;5040.0;905.357421875
0;43600;AMETHYSTS;9995;22;;;;;10002;5;10005;22;;;9998.5;801.0
0;43600;STARFRUIT;5036;22;;;;;5041;1;5043;22;;;5038.5;905.595703125
0;43700;STARFRUIT;5037;1;5036;29;;;5043;30;;;;;5040.0;904.87109375
0;43700;AMETHYSTS;9996;1;9995;29;;;10002;6;10004;1;10005;29;9999.0;801.0
0;43800;AMETHYSTS;9996;1;9995;22;;;10004;1;10005;22;;;10000.0;801.0
0;43800;STARFRUIT;5036;23;;;;;5043;23;;;;;5039.5;905.265625
0;43900;AMETHYSTS;9996;2;9995;24;;;10002;2;10004;2;10005;24;9999.0;801.0
0;43900;STARFRUIT;5037;6;5036;26;;;5043;26;;;;;5040.0;906.439453125
0;44000;AMETHYSTS;10002;4;9998;10;9996;2;10004;2;10005;25;;;10003.0;801.0
0;44000;STARFRUIT;5036;27;;;;;5043;27;;;;;5039.5;920.26171875
0;44100;STARFRUIT;5036;24;;;;;5041;4;5042;2;5043;22;5038.5;927.25390625
0;44100;AMETHYSTS;9996;2;9995;22;;;10004;2;10005;22;;;10000.0;809.0
0;44200;AMETHYSTS;9995;24;;;;;10005;24;;;;;10000.0;809.0
0;44200;STARFRUIT;5036;24;;;;;5043;24;;;;;5039.5;922.81640625
0;44300;AMETHYSTS;9996;2;9995;24;;;9998;2;10004;2;10005;24;9997.0;809.0
0;44300;STARFRUIT;5036;26;;;;;5042;2;5043;24;;;5039.0;926.67578125
0;44400;AMETHYSTS;9996;1;9995;25;;;10002;7;10004;1;10005;25;9999.0;813.0
0;44400;STARFRUIT;5037;1;5036;26;;;5043;26;;;;;5040.0;925.546875
0;44500;STARFRUIT;5036;30;;;;;5043;30;;;;;5039.5;925.72265625
0;44500;AMETHYSTS;9995;30;;;;;10005;30;;;;;10000.0;813.0
0;44600;AMETHYSTS;9996;1;9995;21;;;10004;1;10005;21;;;10000.0;813.0
0;44600;STARFRUIT;5037;22;;;;;5043;1;5044;21;;;5040.0;917.5546875
0;44700;AMETHYSTS;9996;2;9995;25;;;10004;2;10005;25;;;10000.0;813.0
0;44700;STARFRUIT;5037;27;;;;;5042;6;5044;27;;;5039.5;913.8203125
0;44800;AMETHYSTS;9995;25;;;;;10005;25;;;;;10000.0;813.0
0;44800;STARFRUIT;5037;25;;;;;5042;3;5044;25;;;5039.5;917.48046875
0;44900;STARFRUIT;5037;2;5036;21;;;5043;23;;;;;5040.0;918.78515625
0;44900;AMETHYSTS;9996;2;9995;21;;;10004;2;10005;21;;;10000.0;813.0
0;45000;AMETHYSTS;9996;1;9995;27;;;10004;1;10005;27;;;10000.0;813.0
0;45000;STARFRUIT;5036;28;;;;;5037;1;5043;28;;;5036.5;922.6015625
0;45100;AMETHYSTS;9995;27;;;;;9998;1;10005;27;;;9996.5;813.0
0;45100;STARFRUIT;5036;27;;;;;5043;27;;;;;5039.5;922.6796875
0;45200;AMETHYSTS;10002;1;9996;1;9995;20;10004;1;10005;20;;;10003.0;815.0
0;45200;STARFRUIT;5036;20;;;;;5043;1;5044;20;;;5039.5;921.19140625
0;45300;STARFRUIT;5037;22;;;;;5044;23;;;;;5040.5;916.78125
0;45300;AMETHYSTS;9995;23;;;;;10005;23;;;;;10000.0;817.0
0;45400;AMETHYSTS;9998;4;9995;25;;;10005;25;;;;;10001.5;817.0
0;45400;STARFRUIT;5037;25;;;;;5044;25;;;;;5040.5;914.71484375
0;45500;AMETHYSTS;9996;1;9995;20;;;9998;3;10004;1;10005;20;9997.0;817.0
0;45500;STARFRUIT;5036;21;;;;;5037;3;5043;21;;;5036.5;928.12890625
0;45600;AMETHYSTS;9996;1;9995;23;;;10004;1;10005;23;;;10000.0;823.0
0;45600;STARFRUIT;5037;1;5036;23;;;5041;6;5043;24;;;5039.0;931.58984375
0;45700;STARFRUIT;5037;2;5036;21;;;5043;23;;;;;5040.0;931.22265625
0;45700;AMETHYSTS;10002;1;9996;2;9995;21;10004;2;10005;21;;;10003.0;823.0
0;45800;AMETHYSTS;10000;5;9998;7;9996;2;10004;2;10005;30;;;10002.0;825.0
0;45800;STARFRUIT;5040;5;5037;32;;;5044;32;;;;;5042.0;927.07421875
0;45900;AMETHYSTS;9998;8;9996;1;9995;25;10004;1;10005;25;;;10001.0;825.0
0;45900;STARFRUIT;5037;25;;;;;5044;26;;;;;5040.5;923.17578125
0;46000;AMETHYSTS;9995;23;;;;;9998;1;10005;23;;;9996.5;825.0
0;46000;STARFRUIT;5037;23;;;;;5044;23;;;;;5040.5;924.875
0;46100;STARFRUIT;5039;4;5038;25;;;5045;25;;;;;5042.0;921.58984375
0;46100;AMETHYSTS;9995;25;;;;;10005;25;;;;;10000.0;827.0
0;46200;AMETHYSTS;9995;24;;;;;10005;24;;;;;10000.0;847.0
0;46200;STARFRUIT;5039;4;5038;24;;;5045;24;;;;;5042.0;921.08203125
0;46300;AMETHYSTS;9996;2;9995;26;;;10004;2;10005;26;;;10000.0;847.0
0;46300;STARFRUIT;5039;2;5038;26;;;5045;28;;;;;5042.0;916.375
0;46400;AMETHYSTS;9995;24;;;;;10005;24;;;;;10000.0;847.0
0;46400;STARFRUIT;5044;1;5038;24;;;5045;24;;;;;5044.5;918.125
0;46500;STARFRUIT;5042;2;5038;30;;;5045;30;;;;;5043.5;923.30078125
0;46500;AMETHYSTS;9996;1;9995;29;;;9998;1;10004;1;10005;29;9997.0;847.0
0;46600;AMETHYSTS;9998;1;9995;28;;;10005;28;;;;;10001.5;849.0
0;46600;STARFRUIT;5044;1;5040;4;5039;28;5046;28;;;;;5045.0;917.06640625
0;46700;AMETHYSTS;9996;1;9995;29;;;10004;1;10005;29;;;10000.0;849.0
0;46700;STARFRUIT;5038;30;;;;;5045;30;;;;;5041.5;923.6328125
0;46800;AMETHYSTS;9995;25;;;;;10005;25;;;;;10000.0;849.0
0;46800;STARFRUIT;5038;25;;;;;5045;25;;;;;5041.5;921.91796875
0;46900;STARFRUIT;5039;30;;;;;5040;10;5045;1;5046;29;5039.5;918.671875
0;46900;AMETHYSTS;9996;1;9995;29;;;10002;3;10004;1;10005;29;9999.0;849.0
0;47000;AMETHYSTS;9996;1;9995;22;;;10004;1;10005;22;;;10000.0;849.0
0;47000;STARFRUIT;5039;23;;;;;5045;1;5046;22;;;5042.0;939.80224609375
0;47100;AMETHYSTS;9995;22;;;;;9998;1;10005;22;;;9996.5;849.0
0;47100;STARFRUIT;5039;22;;;;;5046;22;;;;;5042.5;939.54052734375
0;47200;AMETHYSTS;9996;2;9995;21;;;10004;2;10005;21;;;10000.0;851.0
0;47200;STARFRUIT;5044;1;5039;23;;;5046;23;;;;;5045.0;939.7607421875
0;47300;STARFRUIT;5040;5;5039;21;;;5046;21;;;;;5043.0;941.3408203125
0;47300;AMETHYSTS;9995;21;;;;;10005;21;;;;;10000.0;851.0
0;47400;AMETHYSTS;9998;7;9995;22;;;10005;22;;;;;10001.5;851.0
0;47400;STARFRUIT;5043;5;5038;22;;;5045;22;;;;;5044.0;943.5009765625
0;47500;AMETHYSTS;9996;1;9995;21;;;9998;1;10004;1;10005;21;9997.0;851.0
0;47500;STARFRUIT;5037;22;;;;;5042;5;5044;22;;;5039.5;956.03125
0;47600;STARFRUIT;5037;21;;;;;5044;21;;;;;5040.5;956.74609375
0;47600;AMETHYSTS;9998;5;9995;21;;;10005;21;;;;;10001.5;853.0
0;47700;STARFRUIT;5037;23;;;;;5042;4;5044;23;;;5039.5;956.6015625
0;47700;AMETHYSTS;9998;1;9995;23;;;10005;23;;;;;10001.5;853.0
0;47800;STARFRUIT;5038;20;;;;;5043;7;5045;20;;;5040.5;953.66015625
0;47800;AMETHYSTS;9995;20;;;;;10005;20;;;;;10000.0;853.0
0;47900;AMETHYSTS;9995;23;;;;;10005;23;;;;;10000.0;853.0
0;47900;STARFRUIT;5037;23;;;;;5044;23;;;;;5040.5;971.2021484375
0;48000;STARFRUIT;5037;27;;;;;5044;27;;;;;5040.5;971.9345703125
0;48000;AMETHYSTS;10002;2;9996;1;9995;26;10004;1;10005;26;;;10003.0;853.0
0;48100;STARFRUIT;5037;30;;;;;5042;1;5044;30;;;5039.5;972.1630859375
0;48100;AMETHYSTS;9996;1;9995;29;;;10004;1;10005;29;;;10000.0;857.0
0;48200;STARFRUIT;5038;2;5037;26;;;5044;27;;;;;5041.0;973.771484375
0;48200;AMETHYSTS;9996;1;9995;26;;;10004;1;10005;26;;;10000.0;857.0
0;48300;AMETHYSTS;9998;4;9996;1;9995;20;10004;1;10005;20;;;10001.0;857.0
0;48300;STARFRUIT;5037;21;;;;;5038;4;5044;21;;;5037.5;972.533203125
0;48400;STARFRUIT;5037;32;;;;;5042;6;5044;32;;;5039.5;983.3359375
0;48400;AMETHYSTS;9996;2;9995;30;;;10004;2;10005;30;;;10000.0;857.0
0;48500;STARFRUIT;5037;29;;;;;5044;29;;;;;5040.5;981.078125
0;48500;AMETHYSTS;9995;29;;;;;10005;29;;;;;10000.0;857.0
0;48600;STARFRUIT;5037;1;5036;26;;;5043;1;5044;26;;;5040.0;978.94921875
0;48600;AMETHYSTS;9996;1;9995;26;;;10004;1;10005;26;;;10000.0;857.0
0;48700;AMETHYSTS;9996;1;9995;22;;;10000;2;10004;1;10005;22;9998.0;857.0
0;48700;STARFRUIT;5036;23;;;;;5039;2;5043;23;;;5037.5;977.3984375
0;48800;STARFRUIT;5036;29;;;;;5043;29;;;;;5039.5;976.7890625
0;48800;AMETHYSTS;9996;1;9995;28;;;10004;1;10005;28;;;10000.0;857.0
0;48900;STARFRUIT;5036;21;;;;;5043;22;;;;;5039.5;974.1015625
0;48900;AMETHYSTS;9995;22;;;;;10005;22;;;;;10000.0;857.0
0;49000;STARFRUIT;5035;29;;;;;5042;29;;;;;5038.5;968.734375
0;49000;AMETHYSTS;9996;1;9995;28;;;10004;1;10005;28;;;10000.0;857.0
0;49100;AMETHYSTS;9995;30;;;;;10005;30;;;;;10000.0;857.0
0;49100;STARFRUIT;5035;30;;;;;5042;30;;;;;5038.5;967.68359375
0;49200;STARFRUIT;5034;26;;;;;5041;26;;;;;5037.5;961.42578125
0;49200;AMETHYSTS;10002;3;9996;1;9995;25;10004;1;10005;25;;;10003.0;857.0
0;49300;STARFRUIT;5035;6;5034;29;;;5041;29;;;;;5038.0;963.8359375
0;49300;AMETHYSTS;9998;3;9995;29;;;10005;29;;;;;10001.5;863.0
0;49400;STARFRUIT;5035;23;;;;;5042;23;;;;;5038.5;968.1015625
0;49400;AMETHYSTS;9996;1;9995;22;;;10004;1;10005;22;;;10000.0;863.0
0;49500;AMETHYSTS;9996;1;9995;24;;;10004;1;10005;24;;;10000.0;863.0
0;49500;STARFRUIT;5035;25;;;;;5041;1;5042;24;;;5038.0;965.44140625
0;49600;STARFRUIT;5036;2;5035;28;;;5038;3;5042;30;;;5037.0;970.7421875
0;49600;AMETHYSTS;9996;2;9995;28;;;10000;3;10002;9;10004;2;9998.0;863.0
0;49700;STARFRUIT;5041;1;5036;6;5035;21;5042;21;;;;;5041.5;971.234375
0;49700;AMETHYSTS;9995;21;;;;;10005;21;;;;;10000.0;863.0
0;49800;AMETHYSTS;9995;20;;;;;10002;7;10005;20;;;9998.5;863.0
0;49800;STARFRUIT;5036;20;;;;;5037;1;5043;20;;;5036.5;977.71484375
0;49900;AMETHYSTS;9996;1;9995;23;;;10004;1;10005;23;;;10000.0;863.0
0;49900;STARFRUIT;5038;5;5037;24;;;5044;24;;;;;5041.0;986.15234375
0;50000;STARFRUIT;5037;26;;;;;5044;26;;;;;5040.5;989.697265625
0;50000;AMETHYSTS;9996;2;9995;24;;;10002;5;10004;2;10005;24;9999.0;863.0
0;50100;AMETHYSTS;10002;4;9996;2;9995;22;10004;2;10005;22;;;10003.0;863.0
0;50100;STARFRUIT;5037;24;;;;;5043;2;5044;22;;;5040.0;987.306640625
0;50200;AMETHYSTS;9996;1;9995;28;;;10004;1;10005;28;;;10000.0;869.0
0;50200;STARFRUIT;5036;29;;;;;5043;29;;;;;5039.5;983.65234375
0;50300;AMETHYSTS;9995;23;;;;;10005;23;;;;;10000.0;905.0
0;50300;STARFRUIT;5036;23;;;;;5041;4;5043;23;;;5038.5;985.50390625
0;50400;STARFRUIT;5037;2;5036;23;;;5038;3;5043;23;;;5037.5;984.42578125
0;50400;AMETHYSTS;9996;2;9995;21;;;10004;2;10005;21;;;10000.0;905.0
0;50500;AMETHYSTS;10000;4;9998;7;9996;1;10004;1;10005;27;;;10002.0;905.0
0;50500;STARFRUIT;5039;4;5036;28;;;5043;28;;;;;5041.0;987.828125
0;50600;AMETHYSTS;9998;7;9996;2;9995;22;10000;5;10004;2;10005;22;9999.0;905.0
0;50600;STARFRUIT;5036;24;;;;;5039;4;5043;24;;;5037.5;985.2265625
0;50700;AMETHYSTS;9998;9;9995;20;;;10005;20;;;;;10001.5;905.0
0;50700;STARFRUIT;5036;20;;;;;5043;20;;;;;5039.5;984.91796875
0;50800;STARFRUIT;5037;2;5036;26;;;5043;28;;;;;5040.0;986.982421875
0;50800;AMETHYSTS;9998;7;9996;2;9995;26;10004;2;10005;26;;;10001.0;905.0
0;50900;AMETHYSTS;9998;2;9995;30;;;10000;5;10005;30;;;9999.0;905.0
0;50900;STARFRUIT;5036;30;;;;;5037;1;5039;5;5043;30;5036.5;987.46484375
0;51000;AMETHYSTS;9996;2;9995;23;;;10004;2;10005;23;;;10000.0;905.0
0;51000;STARFRUIT;5037;25;;;;;5043;2;5044;23;;;5040.0;991.251953125
0;51100;AMETHYSTS;9995;29;;;;;10002;1;10005;29;;;9998.5;905.0
0;51100;STARFRUIT;5038;3;5037;29;;;5044;29;;;;;5041.0;995.3515625
0;51200;STARFRUIT;5037;30;;;;;5044;30;;;;;5040.5;995.140625
0;51200;AMETHYSTS;9995;30;;;;;10005;30;;;;;10000.0;905.0
0;51300;AMETHYSTS;9996;2;9995;23;;;9998;5;10002;5;10004;2;9997.0;905.0
0;51300;STARFRUIT;5038;2;5037;23;;;5044;25;;;;;5041.0;995.8984375
0;51400;AMETHYSTS;9996;1;9995;22;;;10004;1;10005;22;;;10000.0;915.0
0;51400;STARFRUIT;5037;23;;;;;5042;5;5044;23;;;5039.5;993.642578125
0;51500;AMETHYSTS;9995;21;;;;;10005;21;;;;;10000.0;915.0
0;51500;STARFRUIT;5037;21;;;;;5044;21;;;;;5040.5;995.203125
0;51600;STARFRUIT;5042;3;5038;2;5037;21;5044;23;;;;;5043.0;1017.861328125
0;51600;AMETHYSTS;9996;2;9995;21;;;10002;5;10004;2;10005;21;9999.0;915.0
0;51700;AMETHYSTS;9996;2;9995;30;;;10004;2;10005;30;;;10000.0;915.0
0;51700;STARFRUIT;5038;2;5037;30;;;5044;32;;;;;5041.0;1030.34375
0;51800;AMETHYSTS;9995;25;;;;;10005;25;;;;;10000.0;915.0
0;51800;STARFRUIT;5037;25;;;;;5044;25;;;;;5040.5;1032.4921875
0;51900;AMETHYSTS;9996;2;9995;26;;;10004;2;10005;26;;;10000.0;915.0
0;51900;STARFRUIT;5037;28;;;;;5044;28;;;;;5040.5;1036.06640625
0;52000;AMETHYSTS;9998;2;9995;21;;;10000;5;10005;21;;;9999.0;915.0
0;52000;STARFRUIT;5038;5;5037;21;;;5040;5;5044;21;;;5039.0;1032.98828125
0;52100;AMETHYSTS;9996;1;9995;27;;;10004;1;10005;27;;;10000.0;915.0
0;52100;STARFRUIT;5038;1;5037;27;;;5044;28;;;;;5041.0;1034.09765625
0;52200;AMETHYSTS;9995;23;;;;;10005;23;;;;;10000.0;915.0
0;52200;STARFRUIT;5037;22;;;;;5044;23;;;;;5040.5;1036.08203125
0;52300;STARFRUIT;5037;30;;;;;5044;30;;;;;5040.5;1034.529296875
0;52300;AMETHYSTS;9995;30;;;;;10005;30;;;;;10000.0;915.0
0;52400;AMETHYSTS;10002;3;9996;1;9995;20;10004;1;10005;20;;;10003.0;915.0
0;52400;STARFRUIT;5038;1;5037;21;;;5040;4;5044;21;;;5039.0;1034.71484375
0;52500;AMETHYSTS;9996;2;9995;25;;;10004;2;10005;25;;;10000.0;921.0
0;52500;STARFRUIT;5037;27;;;;;5043;2;5044;25;;;5040.0;1038.6962890625
0;52600;AMETHYSTS;9996;1;9995;30;;;10004;1;10005;30;;;10000.0;921.0
0;52600;STARFRUIT;5037;31;;;;;5043;1;5044;30;;;5040.0;1038.9306640625
0;52700;STARFRUIT;5042;1;5037;25;;;5043;1;5044;24;;;5042.5;1038.826171875
0;52700;AMETHYSTS;9996;1;9995;24;;;10002;9;10004;1;10005;24;9999.0;921.0
0;52800;AMETHYSTS;9996;2;9995;26;;;10004;2;10005;26;;;10000.0;921.0
0;52800;STARFRUIT;5042;1;5037;28;;;5044;28;;;;;5043.0;1040.298828125
0;52900;AMETHYSTS;9996;1;9995;26;;;10002;3;10004;1;10005;26;9999.0;921.0
0;52900;STARFRUIT;5036;27;;;;;5043;27;;;;;5039.5;1045.083984375
0;53000;AMETHYSTS;9996;1;9995;29;;;10004;1;10005;29;;;10000.0;921.0
0;53000;STARFRUIT;5036;1;5035;29;;;5042;30;;;;;5039.0;1047.69140625
0;53100;STARFRUIT;5036;2;5035;21;;;5042;2;5043;21;;;5039.0;1047.009765625
0;53100;AMETHYSTS;9996;2;9995;21;;;9998;5;10004;2;10005;21;9997.0;921.0
0;53200;AMETHYSTS;9995;23;;;;;10005;23;;;;;10000.0;931.0
0;53200;STARFRUIT;5041;1;5036;23;;;5043;23;;;;;5042.0;1045.3125
0;53300;AMETHYSTS;9995;20;;;;;10005;20;;;;;10000.0;931.0
0;53300;STARFRUIT;5036;20;;;;;5043;20;;;;;5039.5;1048.455078125
0;53400;AMETHYSTS;9996;2;9995;30;;;9998;1;10004;2;10005;30;9997.0;931.0
0;53400;STARFRUIT;5038;7;5037;32;;;5044;32;;;;;5041.0;1042.396484375
0;53500;STARFRUIT;5037;25;;;;;5042;2;5044;25;;;5039.5;1043.94921875
0;53500;AMETHYSTS;9995;25;;;;;10002;7;10005;25;;;9998.5;933.0
0;53600;AMETHYSTS;9998;2;9996;1;9995;22;10004;1;10005;22;;;10001.0;933.0
0;53600;STARFRUIT;5037;23;;;;;5044;23;;;;;5040.5;1043.37890625
0;53700;AMETHYSTS;9995;23;;;;;10005;23;;;;;10000.0;933.0
0;53700;STARFRUIT;5038;1;5037;23;;;5044;23;;;;;5041.0;1043.76953125
0;53800;AMETHYSTS;9998;8;9995;29;;;10005;29;;;;;10001.5;933.0
0;53800;STARFRUIT;5037;29;;;;;5044;29;;;;;5040.5;1045.041015625
0;53900;STARFRUIT;5038;1;5037;25;;;5040;4;5044;26;;;5039.0;1042.701171875
0;53900;AMETHYSTS;9996;1;9995;25;;;10000;4;10002;8;10004;1;9998.0;933.0
0;54000;AMETHYSTS;9996;1;9995;21;;;10002;1;10004;1;10005;21;9999.0;933.0
0;54000;STARFRUIT;5038;7;5037;22;;;5044;22;;;;;5041.0;1046.0
0;54100;AMETHYSTS;9996;1;9995;21;;;10004;1;10005;21;;;10000.0;933.0
0;54100;STARFRUIT;5038;4;5037;22;;;5043;1;5044;21;;;5040.5;1046.0
0;54200;AMETHYSTS;9996;1;9995;20;;;10004;1;10005;20;;;10000.0;933.0
0;54200;STARFRUIT;5037;20;;;;;5043;1;5044;20;;;5040.0;1046.0
0;54300;STARFRUIT;5037;28;;;;;5043;2;5044;26;;;5040.0;1048.93310546875
0;54300;AMETHYSTS;10002;1;9996;2;9995;26;10004;2;10005;26;;;10003.0;939.0
0;54400;AMETHYSTS;9995;22;;;;;10005;22;;;;;10000.0;941.0
0;54400;STARFRUIT;5037;22;;;;;5044;22;;;;;5040.5;1048.1083984375
0;54500;AMETHYSTS;9996;2;9995;27;;;10002;2;10004;2;10005;27;9999.0;949.0
0;54500;STARFRUIT;5038;29;;;;;5045;29;;;;;5041.5;1054.23876953125
0;54600;AMETHYSTS;10002;2;9996;1;9995;29;10004;1;10005;29;;;10003.0;949.0
0;54600;STARFRUIT;5038;30;;;;;5045;30;;;;;5041.5;1054.45263671875
0;54700;STARFRUIT;5038;1;5037;22;;;5044;1;5045;22;;;5041.0;1053.9931640625
0;54700;AMETHYSTS;9996;1;9995;22;;;10004;1;10005;22;;;10000.0;953.0
0;54800;AMETHYSTS;9996;2;9995;23;;;10004;2;10005;23;;;10000.0;953.0
0;54800;STARFRUIT;5039;9;5038;23;;;5045;25;;;;;5042.0;1054.77587890625
0;54900;AMETHYSTS;9996;2;9995;22;;;10004;2;10005;22;;;10000.0;974.0
0;54900;STARFRUIT;5038;24;;;;;5043;1;5045;24;;;5040.5;1059.38330078125
0;55000;AMETHYSTS;9996;2;9995;20;;;10004;2;10005;20;;;10000.0;974.0
0;55000;STARFRUIT;5039;2;5038;20;;;5043;7;5045;22;;;5041.0;1059.1796875
0;55100;STARFRUIT;5039;26;;;;;5045;2;5046;24;;;5042.0;1058.92333984375
0;55100;AMETHYSTS;9996;2;9995;24;;;10004;2;10005;24;;;10000.0;974.0
0;55200;AMETHYSTS;9998;8;9996;1;9995;25;10004;1;10005;25;;;10001.0;974.0
0;55200;STARFRUIT;5038;25;;;;;5045;26;;;;;5041.5;1059.13916015625
0;55300;AMETHYSTS;9995;22;;;;;10002;5;10005;22;;;9998.5;974.0
0;55300;STARFRUIT;5039;22;;;;;5044;3;5046;22;;;5041.5;1058.87841796875
0;55400;AMETHYSTS;9998;7;9996;1;9995;27;10004;1;10005;27;;;10001.0;974.0
0;55400;STARFRUIT;5039;6;5038;27;;;5045;28;;;;;5042.0;1059.0576171875
0;55500;STARFRUIT;5039;2;5038;22;;;5043;2;5045;24;;;5041.0;1059.16796875
0;55500;AMETHYSTS;9996;2;9995;22;;;10004;2;10005;22;;;10000.0;1002.0
0;55600;AMETHYSTS;9995;23;;;;;10002;9;10005;23;;;9998.5;1020.0
0;55600;STARFRUIT;5038;23;;;;;5045;23;;;;;5041.5;1059.166015625
0;55700;AMETHYSTS;9996;1;9995;21;;;10002;7;10004;1;10005;21;9999.0;1020.0
0;55700;STARFRUIT;5038;22;;;;;5045;22;;;;;5041.5;1059.3935546875
0;55800;AMETHYSTS;9996;1;9995;25;;;10004;1;10005;25;;;10000.0;1020.0
0;55800;STARFRUIT;5039;8;5038;26;;;5045;26;;;;;5042.0;1059.29443359375
0;55900;STARFRUIT;5041;4;5038;20;;;5045;20;;;;;5043.0;1059.4609375
0;55900;AMETHYSTS;9995;20;;;;;10005;20;;;;;10000.0;1020.0
0;56000;AMETHYSTS;10000;2;9996;1;9995;24;10002;6;10004;1;10005;24;10001.0;1020.0
0;56000;STARFRUIT;5041;2;5038;25;;;5043;7;5045;25;;;5042.0;1059.466796875
0;56100;AMETHYSTS;9996;1;9995;27;;;9998;1;10002;3;10004;1;9997.0;1020.0
0;56100;STARFRUIT;5038;28;;;;;5044;1;5045;27;;;5041.0;1059.9365234375
0;56200;AMETHYSTS;9996;1;9995;30;;;10000;4;10004;1;10005;30;9998.0;1022.0
0;56200;STARFRUIT;5038;31;;;;;5041;4;5044;1;5045;30;5039.5;1059.841796875
0;56300;STARFRUIT;5038;28;;;;;5045;28;;;;;5041.5;1060.595703125
0;56300;AMETHYSTS;9995;28;;;;;10005;28;;;;;10000.0;1022.0
0;56400;STARFRUIT;5038;29;;;;;5045;29;;;;;5041.5;1060.689453125
0;56400;AMETHYSTS;9996;2;9995;27;;;10004;2;10005;27;;;10000.0;1022.0
0;56500;AMETHYSTS;9995;21;;;;;10002;9;10005;21;;;9998.5;1022.0
0;56500;STARFRUIT;5038;21;;;;;5045;21;;;;;5041.5;1061.228515625
0;56600;STARFRUIT;5038;2;5037;28;;;5043;3;5044;2;5045;28;5040.5;1059.970703125
0;56600;AMETHYSTS;9996;2;9995;28;;;10002;2;10004;2;10005;28;9999.0;1022.0
0;56700;STARFRUIT;5038;2;5037;27;;;5039;4;5044;27;;;5038.5;1059.681640625
0;56700;AMETHYSTS;9998;5;9995;27;;;10005;27;;;;;10001.5;1022.0
0;56800;STARFRUIT;5038;8;5037;23;;;5044;23;;;;;5041.0;1065.46875
0;56800;AMETHYSTS;9995;23;;;;;10005;23;;;;;10000.0;1022.0
0;56900;AMETHYSTS;9996;1;9995;20;;;10004;1;10005;20;;;10000.0;1022.0
0;56900;STARFRUIT;5037;21;;;;;5044;21;;;;;5040.5;1063.77734375
0;57000;STARFRUIT;5037;22;;;;;5044;22;;;;;5040.5;1066.03515625
0;57000;AMETHYSTS;9996;2;9995;20;;;10002;10;10004;2;10005;20;9999.0;1022.0
0;57100;STARFRUIT;5043;1;5037;24;;;5045;24;;;;;5044.0;1068.11328125
0;57100;AMETHYSTS;9998;6;9995;24;;;10005;24;;;;;10001.5;1022.0
0;57200;STARFRUIT;5038;1;5037;25;;;5044;26;;;;;5041.0;1068.85546875
0;57200;AMETHYSTS;9998;5;9996;1;9995;25;10004;1;10005;25;;;10001.0;1022.0
0;57300;AMETHYSTS;9996;1;9995;30;;;10004;1;10005;30;;;10000.0;1022.0
0;57300;STARFRUIT;5038;31;;;;;5043;1;5044;1;5045;30;5040.5;1071.10546875
0;57400;STARFRUIT;5038;28;;;;;5044;1;5045;27;;;5041.0;1071.265625
0;57400;AMETHYSTS;9996;1;9995;27;;;10004;1;10005;27;;;10000.0;1022.0
0;57500;STARFRUIT;5038;2;5037;21;;;5044;21;;;;;5041.0;1069.712890625
0;57500;AMETHYSTS;9995;21;;;;;10005;21;;;;;10000.0;1022.0
0;57600;STARFRUIT;5040;5;5038;2;5037;20;5044;22;;;;;5042.0;1069.37109375
0;57600;AMETHYSTS;10000;4;9996;2;9995;20;10004;2;10005;20;;;10002.0;1022.0
0;57700;AMETHYSTS;9998;2;9996;1;9995;21;10004;1;10005;21;;;10001.0;1022.0
0;57700;STARFRUIT;5037;22;;;;;5044;22;;;;;5040.5;1064.376953125
0;57800;STARFRUIT;5038;7;5037;28;;;5044;28;;;;;5041.0;1064.607421875
0;57800;AMETHYSTS;9996;2;9995;26;;;10002;4;10004;2;10005;26;9999.0;1022.0
0;57900;STARFRUIT;5037;2;5036;26;;;5038;5;5043;28;;;5037.5;1063.94921875
0;57900;AMETHYSTS;9996;2;9995;26;;;10004;2;10005;26;;;10000.0;1022.0
0;58000;STARFRUIT;5037;28;;;;;5044;28;;;;;5040.5;1075.4140625
0;58000;AMETHYSTS;9995;28;;;;;10005;28;;;;;10000.0;1022.0
0;58100;AMETHYSTS;9998;7;9995;20;;;10005;20;;;;;10001.5;1022.0
0;58100;STARFRUIT;5037;20;;;;;5044;20;;;;;5040.5;1076.546875
0;58200;STARFRUIT;5037;29;;;;;5043;2;5044;27;;;5040.0;1114.83984375
0;58200;AMETHYSTS;9996;2;9995;27;;;10004;2;10005;27;;;10000.0;1022.0
0;58300;STARFRUIT;5037;2;5036;28;;;5043;30;;;;;5040.0;1116.8671875
0;58300;AMETHYSTS;9996;2;9995;28;;;10004;2;10005;28;;;10000.0;1042.0
0;58400;STARFRUIT;5037;25;;;;;5044;25;;;;;5040.5;1114.65234375
0;58400;AMETHYSTS;9995;25;;;;;10005;25;;;;;10000.0;1042.0
0;58500;AMETHYSTS;9998;3;9996;2;9995;20;10004;2;10005;20;;;10001.0;1042.0
0;58500;STARFRUIT;5038;2;5037;20;;;5042;2;5044;22;;;5040.0;1109.6328125
0;58600;STARFRUIT;5038;23;;;;;5045;23;;;;;5041.5;1105.1796875
0;58600;AMETHYSTS;9996;1;9995;22;;;10004;1;10005;22;;;10000.0;1042.0
0;58700;AMETHYSTS;9996;1;9995;29;;;9998;1;10000;4;10004;1;9997.0;1042.0
0;58700;STARFRUIT;5038;30;;;;;5041;4;5044;1;5045;29;5039.5;1106.484375
0;58800;AMETHYSTS;9996;1;9995;30;;;10004;1;10005;30;;;10000.0;1047.0
0;58800;STARFRUIT;5038;1;5037;30;;;5042;5;5044;31;;;5040.0;1110.40625
0;58900;AMETHYSTS;9996;2;9995;23;;;10004;2;10005;23;;;10000.0;1047.0
0;58900;STARFRUIT;5043;1;5037;25;;;5044;25;;;;;5043.5;1111.0166015625
0;59000;STARFRUIT;5038;1;5037;23;;;5044;1;5045;23;;;5041.0;1116.14453125
0;59000;AMETHYSTS;9996;1;9995;23;;;10004;1;10005;23;;;10000.0;1053.0
0;59100;AMETHYSTS;9998;7;9996;1;9995;20;10004;1;10005;20;;;10001.0;1057.0
0;59100;STARFRUIT;5038;1;5037;20;;;5044;21;;;;;5041.0;1119.7109375
0;59200;AMETHYSTS;10002;1;9996;2;9995;23;10004;2;10005;23;;;10003.0;1057.0
0;59200;STARFRUIT;5042;10;5038;10;5037;23;5044;25;;;;;5043.0;1120.45703125
0;59300;AMETHYSTS;9998;5;9995;22;;;10005;22;;;;;10001.5;1059.0
0;59300;STARFRUIT;5036;22;;;;;5044;22;;;;;5040.0;1145.9921875
0;59400;STARFRUIT;5036;23;;;;;5043;23;;;;;5039.5;1150.375
0;59400;AMETHYSTS;10002;1;9995;23;;;10005;23;;;;;10003.5;1059.0
0;59500;AMETHYSTS;9996;2;9995;22;;;10004;2;10005;22;;;10000.0;1061.0
0;59500;STARFRUIT;5037;2;5036;22;;;5043;2;5044;22;;;5040.0;1146.03125
0;59600;AMETHYSTS;10002;1;9996;1;9995;24;10004;1;10005;24;;;10003.0;1097.0
0;59600;STARFRUIT;5037;25;;;;;5044;25;;;;;5040.5;1139.6015625
0;59700;AMETHYSTS;9996;1;9995;25;;;10004;1;10005;25;;;10000.0;1099.0
0;59700;STARFRUIT;5044;1;5038;26;;;5045;26;;;;;5044.5;1119.625
0;59800;STARFRUIT;5038;24;;;;;5045;24;;;;;5041.5;1120.828125
0;59800;AMETHYSTS;9998;9;9996;2;9995;22;10004;2;10005;22;;;10001.0;1099.0
0;59900;AMETHYSTS;9996;2;9995;23;;;10004;2;10005;23;;;10000.0;1099.0
0;59900;STARFRUIT;5038;2;5037;23;;;5042;4;5044;25;;;5040.0;1145.9140625
0;60000;AMETHYSTS;9996;1;9995;25;;;9998;3;10002;10;10004;1;9997.0;1099.0
0;60000;STARFRUIT;5038;5;5037;26;;;5044;26;;;;;5041.0;1147.078125
0;60100;AMETHYSTS;9996;1;9995;27;;;10004;1;10005;27;;;10000.0;1109.0
0;60100;STARFRUIT;5037;28;;;;;5044;28;;;;;5040.5;1149.3671875
0;60200;STARFRUIT;5037;26;;;;;5044;26;;;;;5040.5;1149.9921875
0;60200;AMETHYSTS;9996;1;9995;25;;;10004;1;10005;25;;;10000.0;1109.0
0;60300;AMETHYSTS;9998;3;9996;1;9995;23;10004;1;10005;23;;;10001.0;1109.0
0;60300;STARFRUIT;5037;24;;;;;5044;24;;;;;5040.5;1150.59765625
0;60400;AMETHYSTS;9996;2;9995;22;;;9998;1;10004;2;10005;22;9997.0;1109.0
0;60400;STARFRUIT;5037;24;;;;;5043;2;5044;22;;;5040.0;1154.6015625
0;60500;AMETHYSTS;9995;25;;;;;10000;2;10005;25;;;9997.5;1111.0
0;60500;STARFRUIT;5037;25;;;;;5040;2;5044;25;;;5038.5;1154.921875
0;60600;STARFRUIT;5037;21;;;;;5043;1;5044;21;;;5040.0;1153.828125
0;60600;AMETHYSTS;9996;1;9995;21;;;10004;1;10005;21;;;10000.0;1139.0
0;60700;AMETHYSTS;9998;10;9995;24;;;10005;24;;;;;10001.5;1139.0
0;60700;STARFRUIT;5042;9;5037;24;;;5044;24;;;;;5043.0;1150.56640625
0;60800;AMETHYSTS;9996;2;9995;26;;;10004;2;10005;26;;;10000.0;1139.0
0;60800;STARFRUIT;5043;1;5037;28;;;5044;28;;;;;5043.5;1160.234375
0;60900;STARFRUIT;5043;1;5037;29;;;5044;29;;;;;5043.5;1161.328125
0;60900;AMETHYSTS;9998;10;9995;29;;;10005;29;;;;;10001.5;1139.0
0;61000;AMETHYSTS;9996;1;9995;25;;;9998;1;10004;1;10005;25;9997.0;1139.0
0;61000;STARFRUIT;5037;26;;;;;5044;26;;;;;5040.5;1162.5390625
0;61100;AMETHYSTS;9996;2;9995;29;;;10004;2;10005;29;;;10000.0;1141.0
0;61100;STARFRUIT;5037;31;;;;;5044;31;;;;;5040.5;1171.796875
0;61200;AMETHYSTS;9998;1;9995;22;;;10005;22;;;;;10001.5;1141.0
0;61200;STARFRUIT;5038;5;5037;22;;;5039;3;5044;22;;;5038.5;1162.3125
0;61300;STARFRUIT;5036;27;;;;;5043;27;;;;;5039.5;1183.4140625
0;61300;AMETHYSTS;9995;27;;;;;10005;27;;;;;10000.0;1141.0
0;61400;AMETHYSTS;9995;28;;;;;10005;28;;;;;10000.0;1141.0
0;61400;STARFRUIT;5037;28;;;;;5044;28;;;;;5040.5;1175.46875
0;61500;AMETHYSTS;9998;4;9995;22;;;10005;22;;;;;10001.5;1141.0
0;61500;STARFRUIT;5042;1;5037;22;;;5044;22;;;;;5043.0;1177.8203125
0;61600;AMETHYSTS;9996;1;9995;27;;;10004;1;10005;27;;;10000.0;1141.0
0;61600;STARFRUIT;5037;28;;;;;5044;28;;;;;5040.5;1171.4609375
0;61700;STARFRUIT;5037;23;;;;;5044;23;;;;;5040.5;1169.2734375
0;61700;AMETHYSTS;9996;2;9995;21;;;10004;2;10005;21;;;10000.0;1141.0
0;61800;AMETHYSTS;9996;2;9995;24;;;10004;2;10005;24;;;10000.0;1141.0
0;61800;STARFRUIT;5037;26;;;;;5038;1;5044;26;;;5037.5;1171.46875
0;61900;AMETHYSTS;9995;28;;;;;10002;8;10005;28;;;9998.5;1141.0
0;61900;STARFRUIT;5037;28;;;;;5044;28;;;;;5040.5;1168.796875
0;62000;AMETHYSTS;9995;24;;;;;10005;24;;;;;10000.0;1141.0
0;62000;STARFRUIT;5037;24;;;;;5044;24;;;;;5040.5;1174.828125
0;62100;STARFRUIT;5037;27;;;;;5043;2;5044;25;;;5040.0;1200.76171875
0;62100;AMETHYSTS;9996;2;9995;25;;;10002;3;10004;2;10005;25;9999.0;1141.0
0;62200;AMETHYSTS;9998;9;9996;2;9995;22;10004;2;10005;22;;;10001.0;1141.0
0;62200;STARFRUIT;5037;24;;;;;5042;1;5044;24;;;5039.5;1197.015625
0;62300;AMETHYSTS;9995;21;;;;;10005;21;;;;;10000.0;1141.0
0;62300;STARFRUIT;5037;21;;;;;5044;21;;;;;5040.5;1195.71484375
0;62400;AMETHYSTS;9995;24;;;;;10005;24;;;;;10000.0;1141.0
0;62400;STARFRUIT;5037;24;;;;;5044;24;;;;;5040.5;1195.5
0;62500;STARFRUIT;5038;2;5037;25;;;5044;27;;;;;5041.0;1195.328125
0;62500;AMETHYSTS;9996;2;9995;25;;;10004;2;10005;25;;;10000.0;1141.0
0;62600;AMETHYSTS;9998;6;9996;1;9995;21;10004;1;10005;21;;;10001.0;1141.0
0;62600;STARFRUIT;5038;1;5037;21;;;5044;22;;;;;5041.0;1195.1015625
0;62700;AMETHYSTS;9998;3;9995;25;;;10005;25;;;;;10001.5;1141.0
0;62700;STARFRUIT;5037;25;;;;;5044;25;;;;;5040.5;1199.3671875
0;62800;AMETHYSTS;9995;22;;;;;10005;22;;;;;10000.0;1141.0
0;62800;STARFRUIT;5037;22;;;;;5044;22;;;;;5040.5;1197.50390625
0;62900;STARFRUIT;5037;22;;;;;5043;2;5044;20;;;5040.0;1235.03125
0;62900;AMETHYSTS;10002;11;9998;3;9996;2;10004;2;10005;20;;;10003.0;1141.0
0;63000;AMETHYSTS;9995;30;;;;;10005;30;;;;;10000.0;1163.0
0;63000;STARFRUIT;5037;30;;;;;5044;30;;;;;5040.5;1224.4765625
0;63100;AMETHYSTS;9995;30;;;;;9998;1;10005;30;;;9996.5;1163.0
0;63100;STARFRUIT;5037;30;;;;;5044;30;;;;;5040.5;1221.484375
0;63200;AMETHYSTS;9996;1;9995;24;;;10004;1;10005;24;;;10000.0;1165.0
0;63200;STARFRUIT;5038;25;;;;;5044;1;5045;24;;;5041.0;1215.796875
0;63300;STARFRUIT;5043;1;5038;30;;;5045;30;;;;;5044.0;1212.1015625
0;63300;AMETHYSTS;10002;4;9995;30;;;10005;30;;;;;10003.5;1165.0
0;63400;AMETHYSTS;9996;2;9995;22;;;10004;2;10005;22;;;10000.0;1173.0
0;63400;STARFRUIT;5038;24;;;;;5044;2;5045;22;;;5041.0;1217.2265625
0;63500;AMETHYSTS;9995;28;;;;;10005;28;;;;;10000.0;1173.0
0;63500;STARFRUIT;5038;3;5037;28;;;5044;28;;;;;5041.0;1223.890625
0;63600;AMETHYSTS;9995;22;;;;;10005;22;;;;;10000.0;1173.0
0;63600;STARFRUIT;5042;1;5037;22;;;5044;22;;;;;5043.0;1229.3984375
0;63700;STARFRUIT;5037;21;;;;;5040;5;5042;7;5044;21;5038.5;1232.8359375
0;63700;AMETHYSTS;9995;21;;;;;10000;5;10002;7;10005;21;9997.5;1173.0
0;63800;AMETHYSTS;9996;1;9995;27;;;9998;1;10004;1;10005;27;9997.0;1173.0
0;63800;STARFRUIT;5036;1;5035;27;;;5042;28;;;;;5039.0;1253.5390625
0;63900;AMETHYSTS;9995;22;;;;;10000;2;10005;22;;;9997.5;1175.0
0;63900;STARFRUIT;5035;22;;;;;5039;2;5043;22;;;5037.0;1262.546875
0;64000;AMETHYSTS;9995;30;;;;;9998;11;10002;10;10005;30;9996.5;1175.0
0;64000;STARFRUIT;5036;2;5035;30;;;5042;30;;;;;5039.0;1269.40625
0;64100;STARFRUIT;5036;28;;;;;5041;4;5042;2;5043;26;5038.5;1260.765625
0;64100;AMETHYSTS;9996;2;9995;26;;;10002;4;10004;2;10005;26;9999.0;1197.0
0;64200;AMETHYSTS;9996;2;9995;25;;;10004;2;10005;25;;;10000.0;1197.0
0;64200;STARFRUIT;5036;27;;;;;5043;27;;;;;5039.5;1256.625
0;64300;AMETHYSTS;9998;4;9996;2;9995;20;10004;2;10005;20;;;10001.0;1197.0
0;64300;STARFRUIT;5036;2;5035;22;;;5042;22;;;;;5039.0;1267.5078125
0;64400;AMETHYSTS;9996;2;9995;27;;;10004;2;10005;27;;;10000.0;1197.0
0;64400;STARFRUIT;5036;4;5035;29;;;5042;29;;;;;5039.0;1269.640625
0;64500;STARFRUIT;5036;7;5035;22;;;5042;22;;;;;5039.0;1270.6015625
0;64500;AMETHYSTS;9996;2;9995;20;;;10004;2;10005;20;;;10000.0;1197.0
0;64600;AMETHYSTS;9996;2;9995;27;;;10004;2;10005;27;;;10000.0;1197.0
0;64600;STARFRUIT;5036;2;5035;27;;;5042;29;;;;;5039.0;1263.7265625
0;64700;AMETHYSTS;10002;1;9996;1;9995;28;10004;1;10005;28;;;10003.0;1197.0
0;64700;STARFRUIT;5036;1;5035;28;;;5042;1;5043;28;;;5039.0;1262.9921875
0;64800;AMETHYSTS;9996;1;9995;20;;;10004;1;10005;20;;;10000.0;1199.0
0;64800;STARFRUIT;5036;20;;;;;5042;1;5043;20;;;5039.0;1259.6328125
0;64900;STARFRUIT;5036;2;5035;30;;;5042;32;;;;;5039.0;1265.5078125
0;64900;AMETHYSTS;9996;2;9995;30;;;9998;4;10002;10;10004;2;9997.0;1199.0
0;65000;AMETHYSTS;9996;1;9995;26;;;10002;5;10004;1;10005;26;9999.0;1205.0
0;65000;STARFRUIT;5041;1;5036;27;;;5042;1;5043;26;;;5041.5;1261.796875
0;65100;AMETHYSTS;9998;10;9996;1;9995;25;10004;1;10005;25;;;10001.0;1205.0
0;65100;STARFRUIT;5036;1;5035;25;;;5042;26;;;;;5039.0;1266.9375
0;65200;AMETHYSTS;9996;1;9995;28;;;10002;6;10004;1;10005;28;9999.0;1205.0
0;65200;STARFRUIT;5037;2;5036;29;;;5042;1;5043;28;;;5039.5;1260.78125
0;65300;STARFRUIT;5036;29;;;;;5041;1;5043;29;;;5038.5;1261.734375
0;65300;AMETHYSTS;9995;29;;;;;10002;9;10005;29;;;9998.5;1205.0
0;65400;STARFRUIT;5035;21;;;;;5037;2;5042;21;;;5036.0;1270.5078125
0;65400;AMETHYSTS;9998;10;9995;21;;;10005;21;;;;;10001.5;1205.0
0;65500;AMETHYSTS;9995;20;;;;;10005;20;;;;;10000.0;1205.0
0;65500;STARFRUIT;5035;20;;;;;5042;20;;;;;5038.5;1276.234375
0;65600;STARFRUIT;5036;6;5035;20;;;5042;20;;;;;5039.0;1275.234375
0;65600;AMETHYSTS;9998;3;9995;20;;;10005;20;;;;;10001.5;1205.0
0;65700;STARFRUIT;5035;24;;;;;5036;1;5043;24;;;5035.5;1268.71875
0;65700;AMETHYSTS;9995;24;;;;;10005;24;;;;;10000.0;1205.0
0;65800;STARFRUIT;5037;1;5036;30;;;5043;30;;;;;5040.0;1266.3828125
0;65800;AMETHYSTS;10002;4;9995;30;;;10005;30;;;;;10003.5;1205.0
0;65900;AMETHYSTS;9996;2;9995;24;;;10004;2;10005;24;;;10000.0;1213.0
0;65900;STARFRUIT;5037;2;5036;24;;;5043;26;;;;;5040.0;1256.3828125
0;66000;STARFRUIT;5037;7;5036;24;;;5043;25;;;;;5040.0;1256.9375
0;66000;AMETHYSTS;9996;1;9995;24;;;10004;1;10005;24;;;10000.0;1213.0
0;66100;STARFRUIT;5042;1;5037;25;;;5043;2;5044;23;;;5042.5;1253.15625
0;66100;AMETHYSTS;9996;2;9995;23;;;10004;2;10005;23;;;10000.0;1213.0
0;66200;STARFRUIT;5041;5;5037;23;;;5043;1;5044;22;;;5042.0;1255.1171875
0;66200;AMETHYSTS;10002;1;9996;1;9995;22;10004;1;10005;22;;;10003.0;1213.0
0;66300;AMETHYSTS;10000;3;9995;20;;;10002;5;10005;20;;;10001.0;1221.0
0;66300;STARFRUIT;5040;3;5037;20;;;5044;20;;;;;5042.0;1254.703125
0;66400;STARFRUIT;5037;2;5036;24;;;5043;26;;;;;5040.0;1261.703125
0;66400;AMETHYSTS;9996;2;9995;24;;;10004;2;10005;24;;;10000.0;1221.0
0;66500;STARFRUIT;5042;1;5037;31;;;5043;1;5044;30;;;5042.5;1259.453125
0;66500;AMETHYSTS;9996;1;9995;30;;;10004;1;10005;30;;;10000.0;1221.0
0;66600;STARFRUIT;5037;31;;;;;5044;31;;;;;5040.5;1255.8359375
0;66600;AMETHYSTS;10002;3;9998;1;9996;2;10004;2;10005;29;;;10003.0;1221.0
0;66700;AMETHYSTS;9996;1;9995;25;;;10004;1;10005;25;;;10000.0;1227.0
0;66700;STARFRUIT;5038;5;5037;26;;;5044;26;;;;;5041.0;1252.40625
0;66800;STARFRUIT;5038;1;5037;25;;;5044;26;;;;;5041.0;1244.5859375
0;66800;AMETHYSTS;9996;1;9995;25;;;10004;1;10005;25;;;10000.0;1231.0
0;66900;STARFRUIT;5037;3;5036;20;;;5043;20;;;;;5040.0;1264.0546875
0;66900;AMETHYSTS;9995;20;;;;;10005;20;;;;;10000.0;1231.0
0;67000;STARFRUIT;5036;24;;;;;5042;2;5043;22;;;5039.0;1278.1953125
0;67000;AMETHYSTS;9998;1;9996;2;9995;22;10004;2;10005;22;;;10001.0;1231.0
0;67100;AMETHYSTS;9996;1;9995;25;;;10004;1;10005;25;;;10000.0;1231.0
0;67100;STARFRUIT;5036;26;;;;;5043;26;;;;;5039.5;1270.25
0;67200;STARFRUIT;5036;23;;;;;5041;6;5043;23;;;5038.5;1270.734375
0;67200;AMETHYSTS;9995;23;;;;;10005;23;;;;;10000.0;1231.0
0;67300;STARFRUIT;5038;1;5037;22;;;5043;1;5044;21;;;5040.5;1256.671875
0;67300;AMETHYSTS;9996;1;9995;21;;;10004;1;10005;21;;;10000.0;1231.0
0;67400;STARFRUIT;5038;8;5037;29;;;5044;29;;;;;5041.0;1256.265625
0;67400;AMETHYSTS;9996;1;9995;28;;;10004;1;10005;28;;;10000.0;1231.0
0;67500;AMETHYSTS;9995;22;;;;;10005;22;;;;;10000.0;1231.0
0;67500;STARFRUIT;5037;22;;;;;5044;22;;;;;5040.5;1244.5625
0;67600;STARFRUIT;5038;1;5037;25;;;5044;26;;;;;5041.0;1243.734375
0;67600;AMETHYSTS;9996;1;9995;25;;;10004;1;10005;25;;;10000.0;1251.0
0;67700;AMETHYSTS;9996;2;9995;21;;;10000;3;10004;2;10005;21;9998.0;1251.0
0;67700;STARFRUIT;5037;23;;;;;5040;3;5044;23;;;5038.5;1251.765625
0;67800;AMETHYSTS;9996;2;9995;30;;;10004;2;10005;30;;;10000.0;1251.0
0;67800;STARFRUIT;5038;6;5037;32;;;5044;32;;;;;5041.0;1253.4609375
0;67900;AMETHYSTS;9995;26;;;;;10005;26;;;;;10000.0;1251.0
0;67900;STARFRUIT;5036;26;;;;;5043;26;;;;;5039.5;1263.96875
0;68000;STARFRUIT;5042;1;5036;25;;;5043;25;;;;;5042.5;1265.7734375
0;68000;AMETHYSTS;9995;25;;;;;10002;5;10005;25;;;9998.5;1271.0
0;68100;AMETHYSTS;9996;1;9995;26;;;10002;8;10004;1;10005;26;9999.0;1271.0
0;68100;STARFRUIT;5037;7;5036;27;;;5042;1;5043;26;;;5039.5;1277.5546875
0;68200;AMETHYSTS;9996;1;9995;23;;;9998;1;10004;1;10005;23;9997.0;1271.0
0;68200;STARFRUIT;5036;1;5035;23;;;5042;24;;;;;5039.0;1284.1640625
0;68300;AMETHYSTS;9996;1;9995;25;;;10002;4;10004;1;10005;25;9999.0;1273.0
0;68300;STARFRUIT;5035;1;5034;25;;;5041;26;;;;;5038.0;1301.8828125
0;68400;STARFRUIT;5034;31;;;;;5041;31;;;;;5037.5;1305.1875
0;68400;AMETHYSTS;10002;1;9996;1;9995;30;10004;1;10005;30;;;10003.0;1273.0
0;68500;AMETHYSTS;9996;1;9995;22;;;10004;1;10005;22;;;10000.0;1275.0
0;68500;STARFRUIT;5035;1;5034;22;;;5039;5;5041;23;;;5037.0;1299.46875
0;68600;AMETHYSTS;9995;27;;;;;9998;1;10005;27;;;9996.5;1275.0
0;68600;STARFRUIT;5034;27;;;;;5042;27;;;;;5038.0;1299.0546875
0;68700;AMETHYSTS;9998;10;9996;2;9995;20;10004;2;10005;20;;;10001.0;1280.0
0;68700;STARFRUIT;5035;22;;;;;5041;2;5042;20;;;5038.0;1300.53125
0;68800;STARFRUIT;5035;1;5034;30;;;5037;6;5041;1;5042;30;5036.0;1302.1796875
0;68800;AMETHYSTS;9996;1;9995;30;;;10000;6;10002;1;10004;1;9998.0;1280.0
0;68900;AMETHYSTS;9998;3;9996;2;9995;23;10004;2;10005;23;;;10001.0;1280.0
0;68900;STARFRUIT;5035;25;;;;;5041;2;5042;23;;;5038.0;1306.11328125
0;69000;AMETHYSTS;9996;1;9995;27;;;10004;1;10005;27;;;10000.0;1280.0
0;69000;STARFRUIT;5035;28;;;;;5041;1;5042;27;;;5038.0;1307.12890625
0;69100;AMETHYSTS;9996;1;9995;25;;;10004;1;10005;25;;;10000.0;1280.0
0;69100;STARFRUIT;5036;1;5035;26;;;5041;1;5042;25;;;5038.5;1307.4296875
0;69200;STARFRUIT;5035;21;;;;;5042;21;;;;;5038.5;1304.7109375
0;69200;AMETHYSTS;9996;1;9995;20;;;10002;8;10004;1;10005;20;9999.0;1280.0
0;69300;AMETHYSTS;9996;1;9995;23;;;10004;1;10005;23;;;10000.0;1280.0
0;69300;STARFRUIT;5035;1;5034;23;;;5041;24;;;;;5038.0;1312.12109375
0;69400;AMETHYSTS;9995;22;;;;;10005;22;;;;;10000.0;1280.0
0;69400;STARFRUIT;5035;4;5034;22;;;5041;22;;;;;5038.0;1320.09375
0;69500;AMETHYSTS;9996;1;9995;30;;;10002;8;10004;1;10005;30;9999.0;1280.0
0;69500;STARFRUIT;5034;2;5033;31;;;5039;1;5040;30;;;5036.5;1331.734375
0;69600;STARFRUIT;5033;27;;;;;5040;27;;;;;5036.5;1327.796875
0;69600;AMETHYSTS;9996;2;9995;25;;;10004;2;10005;25;;;10000.0;1280.0
0;69700;AMETHYSTS;10002;1;9996;2;9995;24;10004;2;10005;24;;;10003.0;1280.0
0;69700;STARFRUIT;5033;26;;;;;5040;26;;;;;5036.5;1328.4609375
0;69800;AMETHYSTS;9996;1;9995;22;;;10004;1;10005;22;;;10000.0;1282.0
0;69800;STARFRUIT;5034;22;;;;;5040;1;5041;22;;;5037.0;1320.9453125
0;69900;STARFRUIT;5034;26;;;;;5040;2;5041;24;;;5037.0;1321.234375
0;69900;AMETHYSTS;10002;1;9998;10;9996;2;10004;2;10005;24;;;10003.0;1282.0
0;70000;AMETHYSTS;9996;2;9995;28;;;10004;2;10005;28;;;10000.0;1284.0
0;70000;STARFRUIT;5034;2;5033;28;;;5040;2;5041;28;;;5037.0;1321.890625
0;70100;AMETHYSTS;10002;1;9995;27;;;10005;27;;;;;10003.5;1284.0
0;70100;STARFRUIT;5033;27;;;;;5034;1;5040;27;;;5033.5;1326.0546875
0;70200;AMETHYSTS;9996;2;9995;28;;;10004;2;10005;28;;;10000.0;1286.0
0;70200;STARFRUIT;5033;30;;;;;5040;30;;;;;5036.5;1327.7265625
0;70300;STARFRUIT;5034;5;5033;24;;;5040;25;;;;;5037.0;1327.14453125
0;70300;AMETHYSTS;9998;10;9996;1;9995;24;10004;1;10005;24;;;10001.0;1286.0
0;70400;AMETHYSTS;10002;13;9996;2;9995;29;10004;2;10005;29;;;10003.0;1286.0
0;70400;STARFRUIT;5034;31;;;;;5041;31;;;;;5037.5;1321.515625
0;70500;AMETHYSTS;10002;1;9995;21;;;10005;21;;;;;10003.5;1315.0
0;70500;STARFRUIT;5034;21;;;;;5035;3;5041;21;;;5034.5;1324.703125
0;70600;AMETHYSTS;10002;1;10000;3;9996;1;10004;1;10005;22;;;10003.0;1317.0
0;70600;STARFRUIT;5036;2;5034;1;5033;22;5040;1;5041;22;;;5038.0;1334.1328125
0;70700;STARFRUIT;5033;27;;;;;5040;27;;;;;5036.5;1337.6796875
0;70700;AMETHYSTS;9995;27;;;;;10005;27;;;;;10000.0;1319.0
0;70800;AMETHYSTS;9996;2;9995;20;;;9998;5;10002;8;10004;2;9997.0;1319.0
0;70800;STARFRUIT;5033;22;;;;;5040;22;;;;;5036.5;1340.16015625
0;70900;AMETHYSTS;9995;21;;;;;10005;21;;;;;10000.0;1329.0
0;70900;STARFRUIT;5033;21;;;;;5034;1;5040;21;;;5033.5;1340.3125
0;71000;AMETHYSTS;9996;2;9995;28;;;9998;3;10004;2;10005;28;9997.0;1329.0
0;71000;STARFRUIT;5034;2;5033;28;;;5038;1;5040;30;;;5036.0;1340.3359375
0;71100;STARFRUIT;5035;6;5034;30;;;5041;30;;;;;5038.0;1336.0625
0;71100;AMETHYSTS;9998;4;9995;30;;;10005;30;;;;;10001.5;1335.0
0;71200;AMETHYSTS;9996;1;9995;27;;;9998;1;10004;1;10005;27;9997.0;1335.0
0;71200;STARFRUIT;5035;1;5034;27;;;5041;28;;;;;5038.0;1331.41015625
0;71300;AMETHYSTS;9996;2;9995;28;;;10004;2;10005;28;;;10000.0;1373.0
0;71300;STARFRUIT;5035;2;5034;28;;;5040;8;5041;2;5042;28;5037.5;1330.05859375
0;71400;AMETHYSTS;10002;2;9996;2;9995;25;10004;2;10005;25;;;10003.0;1373.0
0;71400;STARFRUIT;5036;2;5035;25;;;5040;6;5042;27;;;5038.0;1322.5625
0;71500;STARFRUIT;5035;26;;;;;5040;5;5042;26;;;5037.5;1323.37890625
0;71500;AMETHYSTS;9995;26;;;;;10005;26;;;;;10000.0;1377.0
0;71600;AMETHYSTS;9998;7;9996;2;9995;29;10004;2;10005;29;;;10001.0;1393.0
0;71600;STARFRUIT;5035;31;;;;;5042;31;;;;;5038.5;1323.140625
0;71700;AMETHYSTS;9996;1;9995;25;;;9998;1;10004;1;10005;25;9997.0;1393.0
0;71700;STARFRUIT;5035;26;;;;;5042;26;;;;;5038.5;1323.734375
0;71800;AMETHYSTS;9995;22;;;;;9998;1;10005;22;;;9996.5;1395.0
0;71800;STARFRUIT;5035;22;;;;;5042;22;;;;;5038.5;1322.3203125
0;71900;STARFRUIT;5036;30;;;;;5043;30;;;;;5039.5;1320.56640625
0;71900;AMETHYSTS;9996;2;9995;28;;;10004;2;10005;28;;;10000.0;1395.0
0;72000;AMETHYSTS;9998;2;9996;1;9995;23;10004;1;10005;23;;;10001.0;1395.0
0;72000;STARFRUIT;5036;24;;;;;5043;24;;;;;5039.5;1320.61328125
0;72100;AMETHYSTS;9996;2;9995;24;;;9998;1;10004;2;10005;24;9997.0;1395.0
0;72100;STARFRUIT;5035;26;;;;;5042;26;;;;;5038.5;1326.07421875
0;72200;AMETHYSTS;9995;25;;;;;9998;1;10005;25;;;9996.5;1395.0
0;72200;STARFRUIT;5035;25;;;;;5042;25;;;;;5038.5;1327.35546875
0;72300;STARFRUIT;5036;1;5035;22;;;5040;3;5042;23;;;5038.0;1325.51953125
0;72300;AMETHYSTS;9996;1;9995;22;;;10004;1;10005;22;;;10000.0;1395.0
0;72400;AMETHYSTS;9995;25;;;;;10005;25;;;;;10000.0;1395.0
0;72400;STARFRUIT;5036;25;;;;;5043;25;;;;;5039.5;1319.921875
0;72500;AMETHYSTS;10000;4;9996;2;9995;20;10004;2;10005;20;;;10002.0;1395.0
0;72500;STARFRUIT;5039;4;5037;2;5036;20;5043;22;;;;;5041.0;1316.87890625
0;72600;AMETHYSTS;9998;8;9995;28;;;10005;28;;;;;10001.5;1395.0
0;72600;STARFRUIT;5036;28;;;;;5043;28;;;;;5039.5;1317.26953125
0;72700;STARFRUIT;5036;28;;;;;5043;28;;;;;5039.5;1322.1640625
0;72700;AMETHYSTS;9995;28;;;;;10005;28;;;;;10000.0;1395.0
0;72800;AMETHYSTS;9996;2;9995;27;;;10004;2;10005;27;;;10000.0;1395.0
0;72800;STARFRUIT;5036;29;;;;;5037;8;5043;29;;;5036.5;1320.22265625
0;72900;AMETHYSTS;9996;1;9995;22;;;10002;4;10004;1;10005;22;9999.0;1395.0
0;72900;STARFRUIT;5037;2;5036;23;;;5043;23;;;;;5040.0;1340.0
0;73000;AMETHYSTS;9995;21;;;;;10005;21;;;;;10000.0;1395.0
0;73000;STARFRUIT;5036;21;;;;;5041;8;5043;21;;;5038.5;1340.0
0;73100;STARFRUIT;5037;28;;;;;5042;3;5043;1;5044;27;5039.5;1340.0
0;73100;AMETHYSTS;9996;1;9995;27;;;10002;7;10004;1;10005;27;9999.0;1395.0
0;73200;AMETHYSTS;9996;1;9995;23;;;10002;7;10004;1;10005;23;9999.0;1395.0
0;73200;STARFRUIT;5037;24;;;;;5044;24;;;;;5040.5;1340.0
0;73300;AMETHYSTS;9996;2;9995;23;;;10004;2;10005;23;;;10000.0;1395.0
0;73300;STARFRUIT;5037;25;;;;;5044;25;;;;;5040.5;1340.0
0;73400;AMETHYSTS;9995;30;;;;;10002;6;10005;30;;;9998.5;1395.0
0;73400;STARFRUIT;5038;30;;;;;5045;30;;;;;5041.5;1340.0
0;73500;STARFRUIT;5038;25;;;;;5044;1;5045;24;;;5041.0;1340.0
0;73500;AMETHYSTS;9998;6;9996;1;9995;24;10004;1;10005;24;;;10001.0;1395.0
0;73600;AMETHYSTS;9995;30;;;;;9998;1;10005;30;;;9996.5;1395.0
0;73600;STARFRUIT;5038;30;;;;;5045;30;;;;;5041.5;1340.0
0;73700;AMETHYSTS;10002;4;9995;25;;;10005;25;;;;;10003.5;1397.0
0;73700;STARFRUIT;5038;25;;;;;5045;25;;;;;5041.5;1340.0
0;73800;AMETHYSTS;9998;1;9996;1;9995;21;10004;1;10005;21;;;10001.0;1405.0
0;73800;STARFRUIT;5038;22;;;;;5045;22;;;;;5041.5;1344.99609375
0;73900;STARFRUIT;5038;27;;;;;5046;27;;;;;5042.0;1346.0068359375
0;73900;AMETHYSTS;9995;27;;;;;10005;27;;;;;10000.0;1405.0
0;74000;AMETHYSTS;10000;5;9996;2;9995;27;10004;2;10005;27;;;10002.0;1405.0
0;74000;STARFRUIT;5041;6;5039;7;5038;29;5045;29;;;;;5043.0;1345.3173828125
0;74100;AMETHYSTS;9998;5;9996;1;9995;23;10004;1;10005;23;;;10001.0;1411.0
0;74100;STARFRUIT;5042;3;5038;24;;;5045;24;;;;;5043.5;1347.109375
0;74200;STARFRUIT;5038;31;;;;;5043;7;5045;31;;;5040.5;1349.61328125
0;74200;AMETHYSTS;9996;1;9995;30;;;10002;1;10004;1;10005;30;9999.0;1411.0
0;74300;STARFRUIT;5039;1;5038;26;;;5043;3;5045;27;;;5041.0;1344.98046875
0;74300;AMETHYSTS;9998;6;9996;1;9995;26;10004;1;10005;26;;;10001.0;1411.0
0;74400;STARFRUIT;5039;23;;;;;5046;23;;;;;5042.5;1339.640625
0;74400;AMETHYSTS;9996;2;9995;21;;;10004;2;10005;21;;;10000.0;1417.0
0;74500;AMETHYSTS;9996;2;9995;24;;;10004;2;10005;24;;;10000.0;1420.0
0;74500;STARFRUIT;5044;1;5043;3;5039;26;5046;26;;;;;5045.0;1343.6875
0;74600;STARFRUIT;5040;1;5039;29;;;5046;29;;;;;5043.0;1348.6953125
0;74600;AMETHYSTS;9996;2;9995;27;;;9998;2;10004;2;10005;27;9997.0;1420.0
0;74700;STARFRUIT;5039;27;;;;;5046;27;;;;;5042.5;1347.5703125
0;74700;AMETHYSTS;9996;1;9995;26;;;10004;1;10005;26;;;10000.0;1424.0
0;74800;STARFRUIT;5039;3;5038;24;;;5045;26;;;;;5042.0;1352.4375
0;74800;AMETHYSTS;9996;2;9995;24;;;10004;2;10005;24;;;10000.0;1424.0
0;74900;AMETHYSTS;9996;1;9995;27;;;10004;1;10005;27;;;10000.0;1424.0
0;74900;STARFRUIT;5039;1;5038;27;;;5045;1;5046;27;;;5042.0;1352.3203125
0;75000;STARFRUIT;5039;1;5038;21;;;5045;22;;;;;5042.0;1353.3203125
0;75000;AMETHYSTS;9996;1;9995;21;;;9998;4;10004;1;10005;21;9997.0;1424.0
0;75100;STARFRUIT;5039;2;5038;26;;;5045;2;5046;26;;;5042.0;1352.140625
0;75100;AMETHYSTS;9996;2;9995;26;;;10002;8;10004;2;10005;26;9999.0;1432.0
0;75200;STARFRUIT;5040;7;5039;31;;;5046;31;;;;;5043.0;1347.671875
0;75200;AMETHYSTS;9996;1;9995;30;;;10004;1;10005;30;;;10000.0;1432.0
0;75300;AMETHYSTS;9998;7;9996;1;9995;26;10004;1;10005;26;;;10001.0;1432.0
0;75300;STARFRUIT;5040;27;;;;;5046;1;5047;26;;;5043.0;1337.015625
